<ENVELOPE>
	<HEADER>
		<VERSION>1</VERSION>
		<TALLYREQUEST>Export</TALLYREQUEST>
		<TYPE>Function</TYPE>
		<ID>$$LicenseInfo</ID>
	</HEADER>
	<BODY>
		<DESC>
			<FUNCPARAMLIST>
				<PARAM>Serial Number</PARAM>
			</FUNCPARAMLIST>
		</DESC>
	</BODY>
</ENVELOPE>
<ENVELOPE>
	<HEADER>
		<VERSION>1</VERSION>
		<TALLYREQUEST>Export</TALLYREQUEST>
		<TYPE>Function</TYPE>
		<ID>$$LicenseInfo</ID>
	</HEADER>
	<BODY>
		<DESC>
			<FUNCPARAMLIST>
				<PARAM>Serial Number</PARAM>
			</FUNCPARAMLIST>
		</DESC>
	</BODY>
</ENVELOPE>
<ENVELOPE>
	<HEADER>
		<VERSION>1</VERSION>
		<TALLYREQUEST>Export</TALLYREQUEST>
		<TYPE>Function</TYPE>
		<ID>$$LicenseInfo</ID>
	</HEADER>
	<BODY>
		<DESC>
			<FUNCPARAMLIST>
				<PARAM>Serial Number</PARAM>
			</FUNCPARAMLIST>
		</DESC>
	</BODY>
</ENVELOPE>
<ENVELOPE>
	<HEADER>
		<VERSION>1</VERSION>
		<TALLYREQUEST>Export</TALLYREQUEST>
		<TYPE>Function</TYPE>
		<ID>$$LicenseInfo</ID>
	</HEADER>
	<BODY>
		<DESC>
			<FUNCPARAMLIST>
				<PARAM>Serial Number</PARAM>
			</FUNCPARAMLIST>
		</DESC>
	</BODY>
</ENVELOPE>
<ENVELOPE>
	<HEADER>
		<VERSION>1</VERSION>
		<TALLYREQUEST>Export</TALLYREQUEST>
		<TYPE>Collection</TYPE>
		<ID>Collection of Ledgers</ID>
	</HEADER>
	<BODY>
		<DESC>
			<STATICVARIABLES>
				<SVFROMDATE TYPE="Date">01-Jan-1970</SVFROMDATE>
				<SVTODATE TYPE="Date">01-Jan-1970</SVTODATE>
				<SVEXPORTFORMAT>$$SysName:XML</SVEXPORTFORMAT>
			</STATICVARIABLES>
			<TDL>
				<TDLMESSAGE>
					<COLLECTION NAME="Collection of Ledgers" ISMODIFY="No">
						<TYPE>Company</TYPE>
						<FETCH>GUID,ALTERID,MASTERID,GUID,NAME,STATE,STARTINGFROM,BOOKSFROM,ENDINGAT,LASTVOUCHERDATE,CMPVCHID,ALTVCHID,ALTMSTID,ISAGGREGATE,BASICCOMPANYFORMALNAME,COMPANYCHEQUENAME,COMPANYCONTACTPERSON,COMPANYCONTACTNUMBER,EMAIL,WEBSITE,PHONENUMBER,CMPMOBNO,MOBILENO,_ADDRESS1,_ADDRESS2,_ADDRESS3,_ADDRESS4,_ADDRESS5,STATENAME,PINCODE,COUNTRYNAME,VATTINNUMBER,CORPORATEIDENTITYNO,UDF:CORPORATEIDENTITYNO,INTERSTATESTNUMBER,TANUMBER,STREGNUMBER,CMPPFCODE,INCOMETAXNUMBER,GSTREGISTRATIONTYPE,GSTAPPLICABLEDATE,ISGSTCESSON,GSTDETAILS.LIST,DESTINATION</FETCH>
						<FILTERS>GroupFilter</FILTERS>
					</COLLECTION>
					<SYSTEM TYPE="FORMULAE" NAME="GroupFilter">$isaggregate =  "No" </SYSTEM>
				</TDLMESSAGE>
			</TDL>
		</DESC>
	</BODY>
</ENVELOPE>
<ENVELOPE>
	<HEADER>
		<VERSION>1</VERSION>
		<TALLYREQUEST>Export</TALLYREQUEST>
		<TYPE>Function</TYPE>
		<ID>$$LicenseInfo</ID>
	</HEADER>
	<BODY>
		<DESC>
			<FUNCPARAMLIST>
				<PARAM>Serial Number</PARAM>
			</FUNCPARAMLIST>
		</DESC>
	</BODY>
</ENVELOPE>
<ENVELOPE>
	<HEADER>
		<VERSION>1</VERSION>
		<TALLYREQUEST>Export</TALLYREQUEST>
		<TYPE>Function</TYPE>
		<ID>$$ProdInfo</ID>
	</HEADER>
	<BODY>
		<DESC>
			<FUNCPARAMLIST>
				<PARAM>Prod Build Number</PARAM>
			</FUNCPARAMLIST>
		</DESC>
	</BODY>
</ENVELOPE>
<ENVELOPE>
	<HEADER>
		<VERSION>1</VERSION>
		<TALLYREQUEST>Export</TALLYREQUEST>
		<TYPE>Function</TYPE>
		<ID>$$LicenseInfo</ID>
	</HEADER>
	<BODY>
		<DESC>
			<FUNCPARAMLIST>
				<PARAM>Serial Number</PARAM>
			</FUNCPARAMLIST>
		</DESC>
	</BODY>
</ENVELOPE>
<ENVELOPE>
	<HEADER>
		<VERSION>1</VERSION>
		<TALLYREQUEST>EXPORT</TALLYREQUEST>
		<TYPE>Collection</TYPE>
		<ID>TestTestGstDetSum</ID>
	</HEADER>
	<BODY>
		<DESC>
			<STATICVARIABLES>
				<SVEXPORTFORMAT>$$SysName:XML</SVEXPORTFORMAT>
				<SVCURRENTCOMPANY>GST Dummy Co Pvt Ltd</SVCURRENTCOMPANY>
			</STATICVARIABLES>
			<TDL>
				<TDLMESSAGE>
					<COLLECTION NAME="TestTestGstDetSum" ISMODIFY="No">
						<TYPE>TaxUnit</TYPE>
						<WALK>GSTDetails</WALK>
						<COMPUTE>AppFrom:$ApplicableFrom</COMPUTE>
						<COMPUTE>EInvAppl:$IsGSTeInvApplicable</COMPUTE>
						<COMPUTE>EInvApplFrom:$GSTeInvApplicableDate</COMPUTE>
						<COMPUTE> GSTeInvBillFromPlace: $GSTeInvBillFromPlace </COMPUTE>
						<COMPUTE> GSTeInvReportPeriod:$GSTeInvReportPeriod </COMPUTE>
						<COMPUTE> IsGSTeInvInclEWayBill:$IsGSTeInvInclEWayBill </COMPUTE>
					</COLLECTION>
				</TDLMESSAGE>
			</TDL>
		</DESC>
	</BODY>
</ENVELOPE>
<ENVELOPE>
	<HEADER>
		<VERSION>1</VERSION>
		<TALLYREQUEST>Export</TALLYREQUEST>
		<TYPE>Function</TYPE>
		<ID>$$LicenseInfo</ID>
	</HEADER>
	<BODY>
		<DESC>
			<FUNCPARAMLIST>
				<PARAM>Serial Number</PARAM>
			</FUNCPARAMLIST>
		</DESC>
	</BODY>
</ENVELOPE>
<ENVELOPE>
	<HEADER>
		<VERSION>1</VERSION>
		<TALLYREQUEST>Export</TALLYREQUEST>
		<TYPE>Function</TYPE>
		<ID>$$ProdInfo</ID>
	</HEADER>
	<BODY>
		<DESC>
			<FUNCPARAMLIST>
				<PARAM>Prod Build Number</PARAM>
			</FUNCPARAMLIST>
		</DESC>
	</BODY>
</ENVELOPE>
<ENVELOPE>
	<HEADER>
		<VERSION>1</VERSION>
		<TALLYREQUEST>Export</TALLYREQUEST>
		<TYPE>Function</TYPE>
		<ID>$$LicenseInfo</ID>
	</HEADER>
	<BODY>
		<DESC>
			<FUNCPARAMLIST>
				<PARAM>Serial Number</PARAM>
			</FUNCPARAMLIST>
		</DESC>
	</BODY>
</ENVELOPE>
<ENVELOPE>
	<HEADER>
		<VERSION>1</VERSION>
		<TALLYREQUEST>Export</TALLYREQUEST>
		<TYPE>Function</TYPE>
		<ID>$$LicenseInfo</ID>
	</HEADER>
	<BODY>
		<DESC>
			<FUNCPARAMLIST>
				<PARAM>Serial Number</PARAM>
			</FUNCPARAMLIST>
		</DESC>
	</BODY>
</ENVELOPE>
<ENVELOPE>
	<HEADER>
		<VERSION>1</VERSION>
		<TALLYREQUEST>Export</TALLYREQUEST>
		<TYPE>Function</TYPE>
		<ID>$$LicenseInfo</ID>
	</HEADER>
	<BODY>
		<DESC>
			<FUNCPARAMLIST>
				<PARAM>Serial Number</PARAM>
			</FUNCPARAMLIST>
		</DESC>
	</BODY>
</ENVELOPE>
<ENVELOPE>
	<HEADER>
		<VERSION>1</VERSION>
		<TALLYREQUEST>Export</TALLYREQUEST>
		<TYPE>Function</TYPE>
		<ID>$$LicenseInfo</ID>
	</HEADER>
	<BODY>
		<DESC>
			<FUNCPARAMLIST>
				<PARAM>Serial Number</PARAM>
			</FUNCPARAMLIST>
		</DESC>
	</BODY>
</ENVELOPE>
<ENVELOPE>
	<HEADER>
		<VERSION>1</VERSION>
		<TALLYREQUEST>Export</TALLYREQUEST>
		<TYPE>Function</TYPE>
		<ID>$$LicenseInfo</ID>
	</HEADER>
	<BODY>
		<DESC>
			<FUNCPARAMLIST>
				<PARAM>Serial Number</PARAM>
			</FUNCPARAMLIST>
		</DESC>
	</BODY>
</ENVELOPE>
<ENVELOPE>
	<HEADER>
		<VERSION>1</VERSION>
		<TALLYREQUEST>Export</TALLYREQUEST>
		<TYPE>Function</TYPE>
		<ID>$$LicenseInfo</ID>
	</HEADER>
	<BODY>
		<DESC>
			<FUNCPARAMLIST>
				<PARAM>Serial Number</PARAM>
			</FUNCPARAMLIST>
		</DESC>
	</BODY>
</ENVELOPE>
<ENVELOPE>
	<HEADER>
		<VERSION>1</VERSION>
		<TALLYREQUEST>Export</TALLYREQUEST>
		<TYPE>Function</TYPE>
		<ID>$$LicenseInfo</ID>
	</HEADER>
	<BODY>
		<DESC>
			<FUNCPARAMLIST>
				<PARAM>Serial Number</PARAM>
			</FUNCPARAMLIST>
		</DESC>
	</BODY>
</ENVELOPE>
<ENVELOPE>
	<HEADER>
		<VERSION>1</VERSION>
		<TALLYREQUEST>Export</TALLYREQUEST>
		<TYPE>Collection</TYPE>
		<ID>Collection of Ledgers</ID>
	</HEADER>
	<BODY>
		<DESC>
			<STATICVARIABLES>
				<SVFROMDATE TYPE="Date">01-Jan-1970</SVFROMDATE>
				<SVTODATE TYPE="Date">01-Jan-1970</SVTODATE>
				<SVEXPORTFORMAT>$$SysName:XML</SVEXPORTFORMAT>
			</STATICVARIABLES>
			<TDL>
				<TDLMESSAGE>
					<COLLECTION NAME="Collection of Ledgers" ISMODIFY="No">
						<TYPE>Company</TYPE>
						<FETCH>GUID,ALTERID,MASTERID,GUID,NAME,STATE,STARTINGFROM,BOOKSFROM,ENDINGAT,LASTVOUCHERDATE,CMPVCHID,ALTVCHID,ALTMSTID,ISAGGREGATE,BASICCOMPANYFORMALNAME,COMPANYCHEQUENAME,COMPANYCONTACTPERSON,COMPANYCONTACTNUMBER,EMAIL,WEBSITE,PHONENUMBER,CMPMOBNO,MOBILENO,_ADDRESS1,_ADDRESS2,_ADDRESS3,_ADDRESS4,_ADDRESS5,STATENAME,PINCODE,COUNTRYNAME,VATTINNUMBER,CORPORATEIDENTITYNO,UDF:CORPORATEIDENTITYNO,INTERSTATESTNUMBER,TANUMBER,STREGNUMBER,CMPPFCODE,INCOMETAXNUMBER,GSTREGISTRATIONTYPE,GSTAPPLICABLEDATE,ISGSTCESSON,GSTDETAILS.LIST,DESTINATION</FETCH>
						<FILTERS>GroupFilter</FILTERS>
					</COLLECTION>
					<SYSTEM TYPE="FORMULAE" NAME="GroupFilter">$isaggregate =  "No" </SYSTEM>
				</TDLMESSAGE>
			</TDL>
		</DESC>
	</BODY>
</ENVELOPE>
<ENVELOPE>
	<HEADER>
		<VERSION>1</VERSION>
		<TALLYREQUEST>Export</TALLYREQUEST>
		<TYPE>Function</TYPE>
		<ID>$$LicenseInfo</ID>
	</HEADER>
	<BODY>
		<DESC>
			<FUNCPARAMLIST>
				<PARAM>Serial Number</PARAM>
			</FUNCPARAMLIST>
		</DESC>
	</BODY>
</ENVELOPE>
<ENVELOPE>
	<HEADER>
		<VERSION>1</VERSION>
		<TALLYREQUEST>Export</TALLYREQUEST>
		<TYPE>Function</TYPE>
		<ID>$$ProdInfo</ID>
	</HEADER>
	<BODY>
		<DESC>
			<FUNCPARAMLIST>
				<PARAM>Prod Build Number</PARAM>
			</FUNCPARAMLIST>
		</DESC>
	</BODY>
</ENVELOPE>
<ENVELOPE>
	<HEADER>
		<VERSION>1</VERSION>
		<TALLYREQUEST>Export</TALLYREQUEST>
		<TYPE>Function</TYPE>
		<ID>$$LicenseInfo</ID>
	</HEADER>
	<BODY>
		<DESC>
			<FUNCPARAMLIST>
				<PARAM>Serial Number</PARAM>
			</FUNCPARAMLIST>
		</DESC>
	</BODY>
</ENVELOPE>
<ENVELOPE>
	<HEADER>
		<VERSION>1</VERSION>
		<TALLYREQUEST>EXPORT</TALLYREQUEST>
		<TYPE>Collection</TYPE>
		<ID>TestTestGstDetSum</ID>
	</HEADER>
	<BODY>
		<DESC>
			<STATICVARIABLES>
				<SVEXPORTFORMAT>$$SysName:XML</SVEXPORTFORMAT>
				<SVCURRENTCOMPANY>GST Dummy Co Pvt Ltd</SVCURRENTCOMPANY>
			</STATICVARIABLES>
			<TDL>
				<TDLMESSAGE>
					<COLLECTION NAME="TestTestGstDetSum" ISMODIFY="No">
						<TYPE>TaxUnit</TYPE>
						<WALK>GSTDetails</WALK>
						<COMPUTE>AppFrom:$ApplicableFrom</COMPUTE>
						<COMPUTE>EInvAppl:$IsGSTeInvApplicable</COMPUTE>
						<COMPUTE>EInvApplFrom:$GSTeInvApplicableDate</COMPUTE>
						<COMPUTE> GSTeInvBillFromPlace: $GSTeInvBillFromPlace </COMPUTE>
						<COMPUTE> GSTeInvReportPeriod:$GSTeInvReportPeriod </COMPUTE>
						<COMPUTE> IsGSTeInvInclEWayBill:$IsGSTeInvInclEWayBill </COMPUTE>
					</COLLECTION>
				</TDLMESSAGE>
			</TDL>
		</DESC>
	</BODY>
</ENVELOPE>
<ENVELOPE>
	<HEADER>
		<VERSION>1</VERSION>
		<TALLYREQUEST>Export</TALLYREQUEST>
		<TYPE>Function</TYPE>
		<ID>$$LicenseInfo</ID>
	</HEADER>
	<BODY>
		<DESC>
			<FUNCPARAMLIST>
				<PARAM>Serial Number</PARAM>
			</FUNCPARAMLIST>
		</DESC>
	</BODY>
</ENVELOPE>
<ENVELOPE>
	<HEADER>
		<VERSION>1</VERSION>
		<TALLYREQUEST>Export</TALLYREQUEST>
		<TYPE>Function</TYPE>
		<ID>$$ProdInfo</ID>
	</HEADER>
	<BODY>
		<DESC>
			<FUNCPARAMLIST>
				<PARAM>Prod Build Number</PARAM>
			</FUNCPARAMLIST>
		</DESC>
	</BODY>
</ENVELOPE>
<ENVELOPE>
	<HEADER>
		<VERSION>1</VERSION>
		<TALLYREQUEST>Export</TALLYREQUEST>
		<TYPE>Function</TYPE>
		<ID>$$LicenseInfo</ID>
	</HEADER>
	<BODY>
		<DESC>
			<FUNCPARAMLIST>
				<PARAM>Serial Number</PARAM>
			</FUNCPARAMLIST>
		</DESC>
	</BODY>
</ENVELOPE>
<ENVELOPE>
	<HEADER>
		<VERSION>1</VERSION>
		<TALLYREQUEST>Export</TALLYREQUEST>
		<TYPE>Function</TYPE>
		<ID>$$LicenseInfo</ID>
	</HEADER>
	<BODY>
		<DESC>
			<FUNCPARAMLIST>
				<PARAM>Serial Number</PARAM>
			</FUNCPARAMLIST>
		</DESC>
	</BODY>
</ENVELOPE>
<ENVELOPE>
	<HEADER>
		<VERSION>1</VERSION>
		<TALLYREQUEST>Export</TALLYREQUEST>
		<TYPE>Function</TYPE>
		<ID>$$LicenseInfo</ID>
	</HEADER>
	<BODY>
		<DESC>
			<FUNCPARAMLIST>
				<PARAM>Serial Number</PARAM>
			</FUNCPARAMLIST>
		</DESC>
	</BODY>
</ENVELOPE>
<ENVELOPE>
	<HEADER>
		<VERSION>1</VERSION>
		<TALLYREQUEST>Export</TALLYREQUEST>
		<TYPE>Function</TYPE>
		<ID>$$LicenseInfo</ID>
	</HEADER>
	<BODY>
		<DESC>
			<FUNCPARAMLIST>
				<PARAM>Serial Number</PARAM>
			</FUNCPARAMLIST>
		</DESC>
	</BODY>
</ENVELOPE>
<ENVELOPE>
	<HEADER>
		<VERSION>1</VERSION>
		<TALLYREQUEST>Export</TALLYREQUEST>
		<TYPE>Function</TYPE>
		<ID>$$LicenseInfo</ID>
	</HEADER>
	<BODY>
		<DESC>
			<FUNCPARAMLIST>
				<PARAM>Serial Number</PARAM>
			</FUNCPARAMLIST>
		</DESC>
	</BODY>
</ENVELOPE>
<ENVELOPE>
	<HEADER>
		<VERSION>1</VERSION>
		<TALLYREQUEST>Export</TALLYREQUEST>
		<TYPE>Function</TYPE>
		<ID>$$LicenseInfo</ID>
	</HEADER>
	<BODY>
		<DESC>
			<FUNCPARAMLIST>
				<PARAM>Serial Number</PARAM>
			</FUNCPARAMLIST>
		</DESC>
	</BODY>
</ENVELOPE>
<ENVELOPE>
	<HEADER>
		<VERSION>1</VERSION>
		<TALLYREQUEST>Export</TALLYREQUEST>
		<TYPE>Function</TYPE>
		<ID>$$LicenseInfo</ID>
	</HEADER>
	<BODY>
		<DESC>
			<FUNCPARAMLIST>
				<PARAM>Serial Number</PARAM>
			</FUNCPARAMLIST>
		</DESC>
	</BODY>
</ENVELOPE>
<ENVELOPE>
	<HEADER>
		<VERSION>1</VERSION>
		<TALLYREQUEST>Export</TALLYREQUEST>
		<TYPE>Collection</TYPE>
		<ID>Collection of Ledgers</ID>
	</HEADER>
	<BODY>
		<DESC>
			<STATICVARIABLES>
				<SVFROMDATE TYPE="Date">01-Jan-1970</SVFROMDATE>
				<SVTODATE TYPE="Date">01-Jan-1970</SVTODATE>
				<SVEXPORTFORMAT>$$SysName:XML</SVEXPORTFORMAT>
			</STATICVARIABLES>
			<TDL>
				<TDLMESSAGE>
					<COLLECTION NAME="Collection of Ledgers" ISMODIFY="No">
						<TYPE>Company</TYPE>
						<FETCH>GUID,ALTERID,MASTERID,GUID,NAME,STATE,STARTINGFROM,BOOKSFROM,ENDINGAT,LASTVOUCHERDATE,CMPVCHID,ALTVCHID,ALTMSTID,ISAGGREGATE,BASICCOMPANYFORMALNAME,COMPANYCHEQUENAME,COMPANYCONTACTPERSON,COMPANYCONTACTNUMBER,EMAIL,WEBSITE,PHONENUMBER,CMPMOBNO,MOBILENO,_ADDRESS1,_ADDRESS2,_ADDRESS3,_ADDRESS4,_ADDRESS5,STATENAME,PINCODE,COUNTRYNAME,VATTINNUMBER,CORPORATEIDENTITYNO,UDF:CORPORATEIDENTITYNO,INTERSTATESTNUMBER,TANUMBER,STREGNUMBER,CMPPFCODE,INCOMETAXNUMBER,GSTREGISTRATIONTYPE,GSTAPPLICABLEDATE,ISGSTCESSON,GSTDETAILS.LIST,DESTINATION</FETCH>
						<FILTERS>GroupFilter</FILTERS>
					</COLLECTION>
					<SYSTEM TYPE="FORMULAE" NAME="GroupFilter">$isaggregate =  "No" </SYSTEM>
				</TDLMESSAGE>
			</TDL>
		</DESC>
	</BODY>
</ENVELOPE>
<ENVELOPE>
	<HEADER>
		<VERSION>1</VERSION>
		<TALLYREQUEST>Export</TALLYREQUEST>
		<TYPE>Function</TYPE>
		<ID>$$LicenseInfo</ID>
	</HEADER>
	<BODY>
		<DESC>
			<FUNCPARAMLIST>
				<PARAM>Serial Number</PARAM>
			</FUNCPARAMLIST>
		</DESC>
	</BODY>
</ENVELOPE>
<ENVELOPE>
	<HEADER>
		<VERSION>1</VERSION>
		<TALLYREQUEST>Export</TALLYREQUEST>
		<TYPE>Function</TYPE>
		<ID>$$ProdInfo</ID>
	</HEADER>
	<BODY>
		<DESC>
			<FUNCPARAMLIST>
				<PARAM>Prod Build Number</PARAM>
			</FUNCPARAMLIST>
		</DESC>
	</BODY>
</ENVELOPE>
<ENVELOPE>
	<HEADER>
		<VERSION>1</VERSION>
		<TALLYREQUEST>Export</TALLYREQUEST>
		<TYPE>Function</TYPE>
		<ID>$$LicenseInfo</ID>
	</HEADER>
	<BODY>
		<DESC>
			<FUNCPARAMLIST>
				<PARAM>Serial Number</PARAM>
			</FUNCPARAMLIST>
		</DESC>
	</BODY>
</ENVELOPE>
<ENVELOPE>
	<HEADER>
		<VERSION>1</VERSION>
		<TALLYREQUEST>EXPORT</TALLYREQUEST>
		<TYPE>Collection</TYPE>
		<ID>TestTestGstDetSum</ID>
	</HEADER>
	<BODY>
		<DESC>
			<STATICVARIABLES>
				<SVEXPORTFORMAT>$$SysName:XML</SVEXPORTFORMAT>
				<SVCURRENTCOMPANY>GST Dummy Co Pvt Ltd</SVCURRENTCOMPANY>
			</STATICVARIABLES>
			<TDL>
				<TDLMESSAGE>
					<COLLECTION NAME="TestTestGstDetSum" ISMODIFY="No">
						<TYPE>TaxUnit</TYPE>
						<WALK>GSTDetails</WALK>
						<COMPUTE>AppFrom:$ApplicableFrom</COMPUTE>
						<COMPUTE>EInvAppl:$IsGSTeInvApplicable</COMPUTE>
						<COMPUTE>EInvApplFrom:$GSTeInvApplicableDate</COMPUTE>
						<COMPUTE> GSTeInvBillFromPlace: $GSTeInvBillFromPlace </COMPUTE>
						<COMPUTE> GSTeInvReportPeriod:$GSTeInvReportPeriod </COMPUTE>
						<COMPUTE> IsGSTeInvInclEWayBill:$IsGSTeInvInclEWayBill </COMPUTE>
					</COLLECTION>
				</TDLMESSAGE>
			</TDL>
		</DESC>
	</BODY>
</ENVELOPE>
<ENVELOPE>
	<HEADER>
		<VERSION>1</VERSION>
		<TALLYREQUEST>Export</TALLYREQUEST>
		<TYPE>Function</TYPE>
		<ID>$$LicenseInfo</ID>
	</HEADER>
	<BODY>
		<DESC>
			<FUNCPARAMLIST>
				<PARAM>Serial Number</PARAM>
			</FUNCPARAMLIST>
		</DESC>
	</BODY>
</ENVELOPE>
<ENVELOPE>
	<HEADER>
		<VERSION>1</VERSION>
		<TALLYREQUEST>Export</TALLYREQUEST>
		<TYPE>Function</TYPE>
		<ID>$$ProdInfo</ID>
	</HEADER>
	<BODY>
		<DESC>
			<FUNCPARAMLIST>
				<PARAM>Prod Build Number</PARAM>
			</FUNCPARAMLIST>
		</DESC>
	</BODY>
</ENVELOPE>
<ENVELOPE>
	<HEADER>
		<VERSION>1</VERSION>
		<TALLYREQUEST>Export</TALLYREQUEST>
		<TYPE>Function</TYPE>
		<ID>$$LicenseInfo</ID>
	</HEADER>
	<BODY>
		<DESC>
			<FUNCPARAMLIST>
				<PARAM>Serial Number</PARAM>
			</FUNCPARAMLIST>
		</DESC>
	</BODY>
</ENVELOPE>
<ENVELOPE>
	<HEADER>
		<VERSION>1</VERSION>
		<TALLYREQUEST>Export</TALLYREQUEST>
		<TYPE>Function</TYPE>
		<ID>$$LicenseInfo</ID>
	</HEADER>
	<BODY>
		<DESC>
			<FUNCPARAMLIST>
				<PARAM>Serial Number</PARAM>
			</FUNCPARAMLIST>
		</DESC>
	</BODY>
</ENVELOPE>
<ENVELOPE>
	<HEADER>
		<VERSION>1</VERSION>
		<TALLYREQUEST>Export</TALLYREQUEST>
		<TYPE>Function</TYPE>
		<ID>$$LicenseInfo</ID>
	</HEADER>
	<BODY>
		<DESC>
			<FUNCPARAMLIST>
				<PARAM>Serial Number</PARAM>
			</FUNCPARAMLIST>
		</DESC>
	</BODY>
</ENVELOPE>
<ENVELOPE>
	<HEADER>
		<VERSION>1</VERSION>
		<TALLYREQUEST>Export</TALLYREQUEST>
		<TYPE>Function</TYPE>
		<ID>$$LicenseInfo</ID>
	</HEADER>
	<BODY>
		<DESC>
			<FUNCPARAMLIST>
				<PARAM>Serial Number</PARAM>
			</FUNCPARAMLIST>
		</DESC>
	</BODY>
</ENVELOPE>
<ENVELOPE>
	<HEADER>
		<VERSION>1</VERSION>
		<TALLYREQUEST>Export</TALLYREQUEST>
		<TYPE>Function</TYPE>
		<ID>$$LicenseInfo</ID>
	</HEADER>
	<BODY>
		<DESC>
			<FUNCPARAMLIST>
				<PARAM>Serial Number</PARAM>
			</FUNCPARAMLIST>
		</DESC>
	</BODY>
</ENVELOPE>
<ENVELOPE>
	<HEADER>
		<VERSION>1</VERSION>
		<TALLYREQUEST>Export</TALLYREQUEST>
		<TYPE>Function</TYPE>
		<ID>$$LicenseInfo</ID>
	</HEADER>
	<BODY>
		<DESC>
			<FUNCPARAMLIST>
				<PARAM>Serial Number</PARAM>
			</FUNCPARAMLIST>
		</DESC>
	</BODY>
</ENVELOPE>
<ENVELOPE>
	<HEADER>
		<VERSION>1</VERSION>
		<TALLYREQUEST>Export</TALLYREQUEST>
		<TYPE>Function</TYPE>
		<ID>$$LicenseInfo</ID>
	</HEADER>
	<BODY>
		<DESC>
			<FUNCPARAMLIST>
				<PARAM>Serial Number</PARAM>
			</FUNCPARAMLIST>
		</DESC>
	</BODY>
</ENVELOPE>
<ENVELOPE>
	<HEADER>
		<VERSION>1</VERSION>
		<TALLYREQUEST>Export</TALLYREQUEST>
		<TYPE>Collection</TYPE>
		<ID>Collection of Ledgers</ID>
	</HEADER>
	<BODY>
		<DESC>
			<STATICVARIABLES>
				<SVFROMDATE TYPE="Date">01-Jan-1970</SVFROMDATE>
				<SVTODATE TYPE="Date">01-Jan-1970</SVTODATE>
				<SVEXPORTFORMAT>$$SysName:XML</SVEXPORTFORMAT>
			</STATICVARIABLES>
			<TDL>
				<TDLMESSAGE>
					<COLLECTION NAME="Collection of Ledgers" ISMODIFY="No">
						<TYPE>Company</TYPE>
						<FETCH>GUID,ALTERID,MASTERID,GUID,NAME,STATE,STARTINGFROM,BOOKSFROM,ENDINGAT,LASTVOUCHERDATE,CMPVCHID,ALTVCHID,ALTMSTID,ISAGGREGATE,BASICCOMPANYFORMALNAME,COMPANYCHEQUENAME,COMPANYCONTACTPERSON,COMPANYCONTACTNUMBER,EMAIL,WEBSITE,PHONENUMBER,CMPMOBNO,MOBILENO,_ADDRESS1,_ADDRESS2,_ADDRESS3,_ADDRESS4,_ADDRESS5,STATENAME,PINCODE,COUNTRYNAME,VATTINNUMBER,CORPORATEIDENTITYNO,UDF:CORPORATEIDENTITYNO,INTERSTATESTNUMBER,TANUMBER,STREGNUMBER,CMPPFCODE,INCOMETAXNUMBER,GSTREGISTRATIONTYPE,GSTAPPLICABLEDATE,ISGSTCESSON,GSTDETAILS.LIST,DESTINATION</FETCH>
						<FILTERS>GroupFilter</FILTERS>
					</COLLECTION>
					<SYSTEM TYPE="FORMULAE" NAME="GroupFilter">$isaggregate =  "No" </SYSTEM>
				</TDLMESSAGE>
			</TDL>
		</DESC>
	</BODY>
</ENVELOPE>
<ENVELOPE>
	<HEADER>
		<VERSION>1</VERSION>
		<TALLYREQUEST>Export</TALLYREQUEST>
		<TYPE>Function</TYPE>
		<ID>$$LicenseInfo</ID>
	</HEADER>
	<BODY>
		<DESC>
			<FUNCPARAMLIST>
				<PARAM>Serial Number</PARAM>
			</FUNCPARAMLIST>
		</DESC>
	</BODY>
</ENVELOPE>
<ENVELOPE>
	<HEADER>
		<VERSION>1</VERSION>
		<TALLYREQUEST>Export</TALLYREQUEST>
		<TYPE>Function</TYPE>
		<ID>$$ProdInfo</ID>
	</HEADER>
	<BODY>
		<DESC>
			<FUNCPARAMLIST>
				<PARAM>Prod Build Number</PARAM>
			</FUNCPARAMLIST>
		</DESC>
	</BODY>
</ENVELOPE>
<ENVELOPE>
	<HEADER>
		<VERSION>1</VERSION>
		<TALLYREQUEST>Export</TALLYREQUEST>
		<TYPE>Function</TYPE>
		<ID>$$LicenseInfo</ID>
	</HEADER>
	<BODY>
		<DESC>
			<FUNCPARAMLIST>
				<PARAM>Serial Number</PARAM>
			</FUNCPARAMLIST>
		</DESC>
	</BODY>
</ENVELOPE>
<ENVELOPE>
	<HEADER>
		<VERSION>1</VERSION>
		<TALLYREQUEST>EXPORT</TALLYREQUEST>
		<TYPE>Collection</TYPE>
		<ID>TestTestGstDetSum</ID>
	</HEADER>
	<BODY>
		<DESC>
			<STATICVARIABLES>
				<SVEXPORTFORMAT>$$SysName:XML</SVEXPORTFORMAT>
				<SVCURRENTCOMPANY>GST Dummy Co Pvt Ltd</SVCURRENTCOMPANY>
			</STATICVARIABLES>
			<TDL>
				<TDLMESSAGE>
					<COLLECTION NAME="TestTestGstDetSum" ISMODIFY="No">
						<TYPE>TaxUnit</TYPE>
						<WALK>GSTDetails</WALK>
						<COMPUTE>AppFrom:$ApplicableFrom</COMPUTE>
						<COMPUTE>EInvAppl:$IsGSTeInvApplicable</COMPUTE>
						<COMPUTE>EInvApplFrom:$GSTeInvApplicableDate</COMPUTE>
						<COMPUTE> GSTeInvBillFromPlace: $GSTeInvBillFromPlace </COMPUTE>
						<COMPUTE> GSTeInvReportPeriod:$GSTeInvReportPeriod </COMPUTE>
						<COMPUTE> IsGSTeInvInclEWayBill:$IsGSTeInvInclEWayBill </COMPUTE>
					</COLLECTION>
				</TDLMESSAGE>
			</TDL>
		</DESC>
	</BODY>
</ENVELOPE>
<ENVELOPE>
	<HEADER>
		<VERSION>1</VERSION>
		<TALLYREQUEST>Export</TALLYREQUEST>
		<TYPE>Function</TYPE>
		<ID>$$LicenseInfo</ID>
	</HEADER>
	<BODY>
		<DESC>
			<FUNCPARAMLIST>
				<PARAM>Serial Number</PARAM>
			</FUNCPARAMLIST>
		</DESC>
	</BODY>
</ENVELOPE>
<ENVELOPE>
	<HEADER>
		<VERSION>1</VERSION>
		<TALLYREQUEST>Export</TALLYREQUEST>
		<TYPE>Function</TYPE>
		<ID>$$ProdInfo</ID>
	</HEADER>
	<BODY>
		<DESC>
			<FUNCPARAMLIST>
				<PARAM>Prod Build Number</PARAM>
			</FUNCPARAMLIST>
		</DESC>
	</BODY>
</ENVELOPE>
<ENVELOPE>
	<HEADER>
		<VERSION>1</VERSION>
		<TALLYREQUEST>Export</TALLYREQUEST>
		<TYPE>Function</TYPE>
		<ID>$$LicenseInfo</ID>
	</HEADER>
	<BODY>
		<DESC>
			<FUNCPARAMLIST>
				<PARAM>Serial Number</PARAM>
			</FUNCPARAMLIST>
		</DESC>
	</BODY>
</ENVELOPE>
<ENVELOPE>
	<HEADER>
		<VERSION>1</VERSION>
		<TALLYREQUEST>Export</TALLYREQUEST>
		<TYPE>Function</TYPE>
		<ID>$$LicenseInfo</ID>
	</HEADER>
	<BODY>
		<DESC>
			<FUNCPARAMLIST>
				<PARAM>Serial Number</PARAM>
			</FUNCPARAMLIST>
		</DESC>
	</BODY>
</ENVELOPE>
<ENVELOPE>
	<HEADER>
		<VERSION>1</VERSION>
		<TALLYREQUEST>Export</TALLYREQUEST>
		<TYPE>Function</TYPE>
		<ID>$$LicenseInfo</ID>
	</HEADER>
	<BODY>
		<DESC>
			<FUNCPARAMLIST>
				<PARAM>Serial Number</PARAM>
			</FUNCPARAMLIST>
		</DESC>
	</BODY>
</ENVELOPE>
<ENVELOPE>
	<HEADER>
		<VERSION>1</VERSION>
		<TALLYREQUEST>Export</TALLYREQUEST>
		<TYPE>Function</TYPE>
		<ID>$$LicenseInfo</ID>
	</HEADER>
	<BODY>
		<DESC>
			<FUNCPARAMLIST>
				<PARAM>Serial Number</PARAM>
			</FUNCPARAMLIST>
		</DESC>
	</BODY>
</ENVELOPE>
<ENVELOPE>
	<HEADER>
		<VERSION>1</VERSION>
		<TALLYREQUEST>Export</TALLYREQUEST>
		<TYPE>Function</TYPE>
		<ID>$$LicenseInfo</ID>
	</HEADER>
	<BODY>
		<DESC>
			<FUNCPARAMLIST>
				<PARAM>Serial Number</PARAM>
			</FUNCPARAMLIST>
		</DESC>
	</BODY>
</ENVELOPE>
<ENVELOPE>
	<HEADER>
		<VERSION>1</VERSION>
		<TALLYREQUEST>Export</TALLYREQUEST>
		<TYPE>Function</TYPE>
		<ID>$$LicenseInfo</ID>
	</HEADER>
	<BODY>
		<DESC>
			<FUNCPARAMLIST>
				<PARAM>Serial Number</PARAM>
			</FUNCPARAMLIST>
		</DESC>
	</BODY>
</ENVELOPE>
<ENVELOPE>
	<HEADER>
		<VERSION>1</VERSION>
		<TALLYREQUEST>Export</TALLYREQUEST>
		<TYPE>Function</TYPE>
		<ID>$$LicenseInfo</ID>
	</HEADER>
	<BODY>
		<DESC>
			<FUNCPARAMLIST>
				<PARAM>Serial Number</PARAM>
			</FUNCPARAMLIST>
		</DESC>
	</BODY>
</ENVELOPE>
<ENVELOPE>
	<HEADER>
		<VERSION>1</VERSION>
		<TALLYREQUEST>Export</TALLYREQUEST>
		<TYPE>Collection</TYPE>
		<ID>Collection of Ledgers</ID>
	</HEADER>
	<BODY>
		<DESC>
			<STATICVARIABLES>
				<SVFROMDATE TYPE="Date">01-Jan-1970</SVFROMDATE>
				<SVTODATE TYPE="Date">01-Jan-1970</SVTODATE>
				<SVEXPORTFORMAT>$$SysName:XML</SVEXPORTFORMAT>
			</STATICVARIABLES>
			<TDL>
				<TDLMESSAGE>
					<COLLECTION NAME="Collection of Ledgers" ISMODIFY="No">
						<TYPE>Company</TYPE>
						<FETCH>GUID,ALTERID,MASTERID,GUID,NAME,STATE,STARTINGFROM,BOOKSFROM,ENDINGAT,LASTVOUCHERDATE,CMPVCHID,ALTVCHID,ALTMSTID,ISAGGREGATE,BASICCOMPANYFORMALNAME,COMPANYCHEQUENAME,COMPANYCONTACTPERSON,COMPANYCONTACTNUMBER,EMAIL,WEBSITE,PHONENUMBER,CMPMOBNO,MOBILENO,_ADDRESS1,_ADDRESS2,_ADDRESS3,_ADDRESS4,_ADDRESS5,STATENAME,PINCODE,COUNTRYNAME,VATTINNUMBER,CORPORATEIDENTITYNO,UDF:CORPORATEIDENTITYNO,INTERSTATESTNUMBER,TANUMBER,STREGNUMBER,CMPPFCODE,INCOMETAXNUMBER,GSTREGISTRATIONTYPE,GSTAPPLICABLEDATE,ISGSTCESSON,GSTDETAILS.LIST,DESTINATION</FETCH>
						<FILTERS>GroupFilter</FILTERS>
					</COLLECTION>
					<SYSTEM TYPE="FORMULAE" NAME="GroupFilter">$isaggregate =  "No" </SYSTEM>
				</TDLMESSAGE>
			</TDL>
		</DESC>
	</BODY>
</ENVELOPE>
<ENVELOPE>
	<HEADER>
		<VERSION>1</VERSION>
		<TALLYREQUEST>Export</TALLYREQUEST>
		<TYPE>Function</TYPE>
		<ID>$$LicenseInfo</ID>
	</HEADER>
	<BODY>
		<DESC>
			<FUNCPARAMLIST>
				<PARAM>Serial Number</PARAM>
			</FUNCPARAMLIST>
		</DESC>
	</BODY>
</ENVELOPE>
<ENVELOPE>
	<HEADER>
		<VERSION>1</VERSION>
		<TALLYREQUEST>Export</TALLYREQUEST>
		<TYPE>Function</TYPE>
		<ID>$$ProdInfo</ID>
	</HEADER>
	<BODY>
		<DESC>
			<FUNCPARAMLIST>
				<PARAM>Prod Build Number</PARAM>
			</FUNCPARAMLIST>
		</DESC>
	</BODY>
</ENVELOPE>
<ENVELOPE>
	<HEADER>
		<VERSION>1</VERSION>
		<TALLYREQUEST>Export</TALLYREQUEST>
		<TYPE>Function</TYPE>
		<ID>$$LicenseInfo</ID>
	</HEADER>
	<BODY>
		<DESC>
			<FUNCPARAMLIST>
				<PARAM>Serial Number</PARAM>
			</FUNCPARAMLIST>
		</DESC>
	</BODY>
</ENVELOPE>
<ENVELOPE>
	<HEADER>
		<VERSION>1</VERSION>
		<TALLYREQUEST>EXPORT</TALLYREQUEST>
		<TYPE>Collection</TYPE>
		<ID>TestTestGstDetSum</ID>
	</HEADER>
	<BODY>
		<DESC>
			<STATICVARIABLES>
				<SVEXPORTFORMAT>$$SysName:XML</SVEXPORTFORMAT>
				<SVCURRENTCOMPANY>GST Dummy Co Pvt Ltd</SVCURRENTCOMPANY>
			</STATICVARIABLES>
			<TDL>
				<TDLMESSAGE>
					<COLLECTION NAME="TestTestGstDetSum" ISMODIFY="No">
						<TYPE>TaxUnit</TYPE>
						<WALK>GSTDetails</WALK>
						<COMPUTE>AppFrom:$ApplicableFrom</COMPUTE>
						<COMPUTE>EInvAppl:$IsGSTeInvApplicable</COMPUTE>
						<COMPUTE>EInvApplFrom:$GSTeInvApplicableDate</COMPUTE>
						<COMPUTE> GSTeInvBillFromPlace: $GSTeInvBillFromPlace </COMPUTE>
						<COMPUTE> GSTeInvReportPeriod:$GSTeInvReportPeriod </COMPUTE>
						<COMPUTE> IsGSTeInvInclEWayBill:$IsGSTeInvInclEWayBill </COMPUTE>
					</COLLECTION>
				</TDLMESSAGE>
			</TDL>
		</DESC>
	</BODY>
</ENVELOPE>
<ENVELOPE>
	<HEADER>
		<VERSION>1</VERSION>
		<TALLYREQUEST>Export</TALLYREQUEST>
		<TYPE>Function</TYPE>
		<ID>$$LicenseInfo</ID>
	</HEADER>
	<BODY>
		<DESC>
			<FUNCPARAMLIST>
				<PARAM>Serial Number</PARAM>
			</FUNCPARAMLIST>
		</DESC>
	</BODY>
</ENVELOPE>
<ENVELOPE>
	<HEADER>
		<VERSION>1</VERSION>
		<TALLYREQUEST>Export</TALLYREQUEST>
		<TYPE>Function</TYPE>
		<ID>$$ProdInfo</ID>
	</HEADER>
	<BODY>
		<DESC>
			<FUNCPARAMLIST>
				<PARAM>Prod Build Number</PARAM>
			</FUNCPARAMLIST>
		</DESC>
	</BODY>
</ENVELOPE>
<ENVELOPE>
	<HEADER>
		<VERSION>1</VERSION>
		<TALLYREQUEST>Export</TALLYREQUEST>
		<TYPE>Function</TYPE>
		<ID>$$LicenseInfo</ID>
	</HEADER>
	<BODY>
		<DESC>
			<FUNCPARAMLIST>
				<PARAM>Serial Number</PARAM>
			</FUNCPARAMLIST>
		</DESC>
	</BODY>
</ENVELOPE>
<ENVELOPE>
	<HEADER>
		<VERSION>1</VERSION>
		<TALLYREQUEST>Export</TALLYREQUEST>
		<TYPE>Function</TYPE>
		<ID>$$LicenseInfo</ID>
	</HEADER>
	<BODY>
		<DESC>
			<FUNCPARAMLIST>
				<PARAM>Serial Number</PARAM>
			</FUNCPARAMLIST>
		</DESC>
	</BODY>
</ENVELOPE>
<ENVELOPE>
	<HEADER>
		<VERSION>1</VERSION>
		<TALLYREQUEST>Export</TALLYREQUEST>
		<TYPE>Function</TYPE>
		<ID>$$LicenseInfo</ID>
	</HEADER>
	<BODY>
		<DESC>
			<FUNCPARAMLIST>
				<PARAM>Serial Number</PARAM>
			</FUNCPARAMLIST>
		</DESC>
	</BODY>
</ENVELOPE>
<ENVELOPE>
	<HEADER>
		<VERSION>1</VERSION>
		<TALLYREQUEST>Export</TALLYREQUEST>
		<TYPE>Function</TYPE>
		<ID>$$LicenseInfo</ID>
	</HEADER>
	<BODY>
		<DESC>
			<FUNCPARAMLIST>
				<PARAM>Serial Number</PARAM>
			</FUNCPARAMLIST>
		</DESC>
	</BODY>
</ENVELOPE>
<ENVELOPE>
	<HEADER>
		<VERSION>1</VERSION>
		<TALLYREQUEST>Export</TALLYREQUEST>
		<TYPE>Function</TYPE>
		<ID>$$LicenseInfo</ID>
	</HEADER>
	<BODY>
		<DESC>
			<FUNCPARAMLIST>
				<PARAM>Serial Number</PARAM>
			</FUNCPARAMLIST>
		</DESC>
	</BODY>
</ENVELOPE>
<ENVELOPE>
	<HEADER>
		<VERSION>1</VERSION>
		<TALLYREQUEST>Export</TALLYREQUEST>
		<TYPE>Function</TYPE>
		<ID>$$LicenseInfo</ID>
	</HEADER>
	<BODY>
		<DESC>
			<FUNCPARAMLIST>
				<PARAM>Serial Number</PARAM>
			</FUNCPARAMLIST>
		</DESC>
	</BODY>
</ENVELOPE>
<ENVELOPE>
	<HEADER>
		<VERSION>1</VERSION>
		<TALLYREQUEST>Export</TALLYREQUEST>
		<TYPE>Function</TYPE>
		<ID>$$LicenseInfo</ID>
	</HEADER>
	<BODY>
		<DESC>
			<FUNCPARAMLIST>
				<PARAM>Serial Number</PARAM>
			</FUNCPARAMLIST>
		</DESC>
	</BODY>
</ENVELOPE>
<ENVELOPE>
	<HEADER>
		<VERSION>1</VERSION>
		<TALLYREQUEST>Export</TALLYREQUEST>
		<TYPE>Collection</TYPE>
		<ID>Collection of Ledgers</ID>
	</HEADER>
	<BODY>
		<DESC>
			<STATICVARIABLES>
				<SVFROMDATE TYPE="Date">01-Jan-1970</SVFROMDATE>
				<SVTODATE TYPE="Date">01-Jan-1970</SVTODATE>
				<SVEXPORTFORMAT>$$SysName:XML</SVEXPORTFORMAT>
			</STATICVARIABLES>
			<TDL>
				<TDLMESSAGE>
					<COLLECTION NAME="Collection of Ledgers" ISMODIFY="No">
						<TYPE>Company</TYPE>
						<FETCH>GUID,ALTERID,MASTERID,GUID,NAME,STATE,STARTINGFROM,BOOKSFROM,ENDINGAT,LASTVOUCHERDATE,CMPVCHID,ALTVCHID,ALTMSTID,ISAGGREGATE,BASICCOMPANYFORMALNAME,COMPANYCHEQUENAME,COMPANYCONTACTPERSON,COMPANYCONTACTNUMBER,EMAIL,WEBSITE,PHONENUMBER,CMPMOBNO,MOBILENO,_ADDRESS1,_ADDRESS2,_ADDRESS3,_ADDRESS4,_ADDRESS5,STATENAME,PINCODE,COUNTRYNAME,VATTINNUMBER,CORPORATEIDENTITYNO,UDF:CORPORATEIDENTITYNO,INTERSTATESTNUMBER,TANUMBER,STREGNUMBER,CMPPFCODE,INCOMETAXNUMBER,GSTREGISTRATIONTYPE,GSTAPPLICABLEDATE,ISGSTCESSON,GSTDETAILS.LIST,DESTINATION</FETCH>
						<FILTERS>GroupFilter</FILTERS>
					</COLLECTION>
					<SYSTEM TYPE="FORMULAE" NAME="GroupFilter">$isaggregate =  "No" </SYSTEM>
				</TDLMESSAGE>
			</TDL>
		</DESC>
	</BODY>
</ENVELOPE>
<ENVELOPE>
	<HEADER>
		<VERSION>1</VERSION>
		<TALLYREQUEST>Export</TALLYREQUEST>
		<TYPE>Function</TYPE>
		<ID>$$LicenseInfo</ID>
	</HEADER>
	<BODY>
		<DESC>
			<FUNCPARAMLIST>
				<PARAM>Serial Number</PARAM>
			</FUNCPARAMLIST>
		</DESC>
	</BODY>
</ENVELOPE>
<ENVELOPE>
	<HEADER>
		<VERSION>1</VERSION>
		<TALLYREQUEST>Export</TALLYREQUEST>
		<TYPE>Function</TYPE>
		<ID>$$ProdInfo</ID>
	</HEADER>
	<BODY>
		<DESC>
			<FUNCPARAMLIST>
				<PARAM>Prod Build Number</PARAM>
			</FUNCPARAMLIST>
		</DESC>
	</BODY>
</ENVELOPE>
<ENVELOPE>
	<HEADER>
		<VERSION>1</VERSION>
		<TALLYREQUEST>Export</TALLYREQUEST>
		<TYPE>Function</TYPE>
		<ID>$$LicenseInfo</ID>
	</HEADER>
	<BODY>
		<DESC>
			<FUNCPARAMLIST>
				<PARAM>Serial Number</PARAM>
			</FUNCPARAMLIST>
		</DESC>
	</BODY>
</ENVELOPE>
<ENVELOPE>
	<HEADER>
		<VERSION>1</VERSION>
		<TALLYREQUEST>EXPORT</TALLYREQUEST>
		<TYPE>Collection</TYPE>
		<ID>TestTestGstDetSum</ID>
	</HEADER>
	<BODY>
		<DESC>
			<STATICVARIABLES>
				<SVEXPORTFORMAT>$$SysName:XML</SVEXPORTFORMAT>
				<SVCURRENTCOMPANY>GST Dummy Co Pvt Ltd</SVCURRENTCOMPANY>
			</STATICVARIABLES>
			<TDL>
				<TDLMESSAGE>
					<COLLECTION NAME="TestTestGstDetSum" ISMODIFY="No">
						<TYPE>TaxUnit</TYPE>
						<WALK>GSTDetails</WALK>
						<COMPUTE>AppFrom:$ApplicableFrom</COMPUTE>
						<COMPUTE>EInvAppl:$IsGSTeInvApplicable</COMPUTE>
						<COMPUTE>EInvApplFrom:$GSTeInvApplicableDate</COMPUTE>
						<COMPUTE> GSTeInvBillFromPlace: $GSTeInvBillFromPlace </COMPUTE>
						<COMPUTE> GSTeInvReportPeriod:$GSTeInvReportPeriod </COMPUTE>
						<COMPUTE> IsGSTeInvInclEWayBill:$IsGSTeInvInclEWayBill </COMPUTE>
					</COLLECTION>
				</TDLMESSAGE>
			</TDL>
		</DESC>
	</BODY>
</ENVELOPE>
<ENVELOPE>
	<HEADER>
		<VERSION>1</VERSION>
		<TALLYREQUEST>Export</TALLYREQUEST>
		<TYPE>Function</TYPE>
		<ID>$$LicenseInfo</ID>
	</HEADER>
	<BODY>
		<DESC>
			<FUNCPARAMLIST>
				<PARAM>Serial Number</PARAM>
			</FUNCPARAMLIST>
		</DESC>
	</BODY>
</ENVELOPE>
<ENVELOPE>
	<HEADER>
		<VERSION>1</VERSION>
		<TALLYREQUEST>Export</TALLYREQUEST>
		<TYPE>Function</TYPE>
		<ID>$$ProdInfo</ID>
	</HEADER>
	<BODY>
		<DESC>
			<FUNCPARAMLIST>
				<PARAM>Prod Build Number</PARAM>
			</FUNCPARAMLIST>
		</DESC>
	</BODY>
</ENVELOPE>
<ENVELOPE>
	<HEADER>
		<VERSION>1</VERSION>
		<TALLYREQUEST>Export</TALLYREQUEST>
		<TYPE>Function</TYPE>
		<ID>$$LicenseInfo</ID>
	</HEADER>
	<BODY>
		<DESC>
			<FUNCPARAMLIST>
				<PARAM>Serial Number</PARAM>
			</FUNCPARAMLIST>
		</DESC>
	</BODY>
</ENVELOPE>
<ENVELOPE>
	<HEADER>
		<VERSION>1</VERSION>
		<TALLYREQUEST>Export</TALLYREQUEST>
		<TYPE>Function</TYPE>
		<ID>$$LicenseInfo</ID>
	</HEADER>
	<BODY>
		<DESC>
			<FUNCPARAMLIST>
				<PARAM>Serial Number</PARAM>
			</FUNCPARAMLIST>
		</DESC>
	</BODY>
</ENVELOPE>
<ENVELOPE>
	<HEADER>
		<VERSION>1</VERSION>
		<TALLYREQUEST>Export</TALLYREQUEST>
		<TYPE>Function</TYPE>
		<ID>$$LicenseInfo</ID>
	</HEADER>
	<BODY>
		<DESC>
			<FUNCPARAMLIST>
				<PARAM>Serial Number</PARAM>
			</FUNCPARAMLIST>
		</DESC>
	</BODY>
</ENVELOPE>
<ENVELOPE>
	<HEADER>
		<VERSION>1</VERSION>
		<TALLYREQUEST>Export</TALLYREQUEST>
		<TYPE>Function</TYPE>
		<ID>$$LicenseInfo</ID>
	</HEADER>
	<BODY>
		<DESC>
			<FUNCPARAMLIST>
				<PARAM>Serial Number</PARAM>
			</FUNCPARAMLIST>
		</DESC>
	</BODY>
</ENVELOPE>
<ENVELOPE>
	<HEADER>
		<VERSION>1</VERSION>
		<TALLYREQUEST>Export</TALLYREQUEST>
		<TYPE>Function</TYPE>
		<ID>$$LicenseInfo</ID>
	</HEADER>
	<BODY>
		<DESC>
			<FUNCPARAMLIST>
				<PARAM>Serial Number</PARAM>
			</FUNCPARAMLIST>
		</DESC>
	</BODY>
</ENVELOPE>
<ENVELOPE>
	<HEADER>
		<VERSION>1</VERSION>
		<TALLYREQUEST>Export</TALLYREQUEST>
		<TYPE>Function</TYPE>
		<ID>$$LicenseInfo</ID>
	</HEADER>
	<BODY>
		<DESC>
			<FUNCPARAMLIST>
				<PARAM>Serial Number</PARAM>
			</FUNCPARAMLIST>
		</DESC>
	</BODY>
</ENVELOPE>
<ENVELOPE>
	<HEADER>
		<VERSION>1</VERSION>
		<TALLYREQUEST>Export</TALLYREQUEST>
		<TYPE>Function</TYPE>
		<ID>$$LicenseInfo</ID>
	</HEADER>
	<BODY>
		<DESC>
			<FUNCPARAMLIST>
				<PARAM>Serial Number</PARAM>
			</FUNCPARAMLIST>
		</DESC>
	</BODY>
</ENVELOPE>
<ENVELOPE>
	<HEADER>
		<VERSION>1</VERSION>
		<TALLYREQUEST>Export</TALLYREQUEST>
		<TYPE>Collection</TYPE>
		<ID>Collection of Ledgers</ID>
	</HEADER>
	<BODY>
		<DESC>
			<STATICVARIABLES>
				<SVFROMDATE TYPE="Date">01-Jan-1970</SVFROMDATE>
				<SVTODATE TYPE="Date">01-Jan-1970</SVTODATE>
				<SVEXPORTFORMAT>$$SysName:XML</SVEXPORTFORMAT>
			</STATICVARIABLES>
			<TDL>
				<TDLMESSAGE>
					<COLLECTION NAME="Collection of Ledgers" ISMODIFY="No">
						<TYPE>Company</TYPE>
						<FETCH>GUID,ALTERID,MASTERID,GUID,NAME,STATE,STARTINGFROM,BOOKSFROM,ENDINGAT,LASTVOUCHERDATE,CMPVCHID,ALTVCHID,ALTMSTID,ISAGGREGATE,BASICCOMPANYFORMALNAME,COMPANYCHEQUENAME,COMPANYCONTACTPERSON,COMPANYCONTACTNUMBER,EMAIL,WEBSITE,PHONENUMBER,CMPMOBNO,MOBILENO,_ADDRESS1,_ADDRESS2,_ADDRESS3,_ADDRESS4,_ADDRESS5,STATENAME,PINCODE,COUNTRYNAME,VATTINNUMBER,CORPORATEIDENTITYNO,UDF:CORPORATEIDENTITYNO,INTERSTATESTNUMBER,TANUMBER,STREGNUMBER,CMPPFCODE,INCOMETAXNUMBER,GSTREGISTRATIONTYPE,GSTAPPLICABLEDATE,ISGSTCESSON,GSTDETAILS.LIST,DESTINATION</FETCH>
						<FILTERS>GroupFilter</FILTERS>
					</COLLECTION>
					<SYSTEM TYPE="FORMULAE" NAME="GroupFilter">$isaggregate =  "No" </SYSTEM>
				</TDLMESSAGE>
			</TDL>
		</DESC>
	</BODY>
</ENVELOPE>
<ENVELOPE>
	<HEADER>
		<VERSION>1</VERSION>
		<TALLYREQUEST>Export</TALLYREQUEST>
		<TYPE>Function</TYPE>
		<ID>$$LicenseInfo</ID>
	</HEADER>
	<BODY>
		<DESC>
			<FUNCPARAMLIST>
				<PARAM>Serial Number</PARAM>
			</FUNCPARAMLIST>
		</DESC>
	</BODY>
</ENVELOPE>
<ENVELOPE>
	<HEADER>
		<VERSION>1</VERSION>
		<TALLYREQUEST>Export</TALLYREQUEST>
		<TYPE>Function</TYPE>
		<ID>$$ProdInfo</ID>
	</HEADER>
	<BODY>
		<DESC>
			<FUNCPARAMLIST>
				<PARAM>Prod Build Number</PARAM>
			</FUNCPARAMLIST>
		</DESC>
	</BODY>
</ENVELOPE>
<ENVELOPE>
	<HEADER>
		<VERSION>1</VERSION>
		<TALLYREQUEST>Export</TALLYREQUEST>
		<TYPE>Function</TYPE>
		<ID>$$LicenseInfo</ID>
	</HEADER>
	<BODY>
		<DESC>
			<FUNCPARAMLIST>
				<PARAM>Serial Number</PARAM>
			</FUNCPARAMLIST>
		</DESC>
	</BODY>
</ENVELOPE>
<ENVELOPE>
	<HEADER>
		<VERSION>1</VERSION>
		<TALLYREQUEST>EXPORT</TALLYREQUEST>
		<TYPE>Collection</TYPE>
		<ID>TestTestGstDetSum</ID>
	</HEADER>
	<BODY>
		<DESC>
			<STATICVARIABLES>
				<SVEXPORTFORMAT>$$SysName:XML</SVEXPORTFORMAT>
				<SVCURRENTCOMPANY>GST Dummy Co Pvt Ltd</SVCURRENTCOMPANY>
			</STATICVARIABLES>
			<TDL>
				<TDLMESSAGE>
					<COLLECTION NAME="TestTestGstDetSum" ISMODIFY="No">
						<TYPE>TaxUnit</TYPE>
						<WALK>GSTDetails</WALK>
						<COMPUTE>AppFrom:$ApplicableFrom</COMPUTE>
						<COMPUTE>EInvAppl:$IsGSTeInvApplicable</COMPUTE>
						<COMPUTE>EInvApplFrom:$GSTeInvApplicableDate</COMPUTE>
						<COMPUTE> GSTeInvBillFromPlace: $GSTeInvBillFromPlace </COMPUTE>
						<COMPUTE> GSTeInvReportPeriod:$GSTeInvReportPeriod </COMPUTE>
						<COMPUTE> IsGSTeInvInclEWayBill:$IsGSTeInvInclEWayBill </COMPUTE>
					</COLLECTION>
				</TDLMESSAGE>
			</TDL>
		</DESC>
	</BODY>
</ENVELOPE>
<ENVELOPE>
	<HEADER>
		<VERSION>1</VERSION>
		<TALLYREQUEST>Export</TALLYREQUEST>
		<TYPE>Function</TYPE>
		<ID>$$LicenseInfo</ID>
	</HEADER>
	<BODY>
		<DESC>
			<FUNCPARAMLIST>
				<PARAM>Serial Number</PARAM>
			</FUNCPARAMLIST>
		</DESC>
	</BODY>
</ENVELOPE>
<ENVELOPE>
	<HEADER>
		<VERSION>1</VERSION>
		<TALLYREQUEST>Export</TALLYREQUEST>
		<TYPE>Function</TYPE>
		<ID>$$LicenseInfo</ID>
	</HEADER>
	<BODY>
		<DESC>
			<FUNCPARAMLIST>
				<PARAM>Serial Number</PARAM>
			</FUNCPARAMLIST>
		</DESC>
	</BODY>
</ENVELOPE>
<ENVELOPE>
	<HEADER>
		<VERSION>1</VERSION>
		<TALLYREQUEST>Export</TALLYREQUEST>
		<TYPE>Collection</TYPE>
		<ID>Collection of Ledgers</ID>
	</HEADER>
	<BODY>
		<DESC>
			<STATICVARIABLES>
				<SVFROMDATE TYPE="Date">01-Jan-1970</SVFROMDATE>
				<SVTODATE TYPE="Date">01-Jan-1970</SVTODATE>
				<SVEXPORTFORMAT>$$SysName:XML</SVEXPORTFORMAT>
			</STATICVARIABLES>
			<TDL>
				<TDLMESSAGE>
					<COLLECTION NAME="Collection of Ledgers" ISMODIFY="No">
						<TYPE>Company</TYPE>
						<FETCH>GUID,ALTERID,MASTERID,GUID,NAME,STATE,STARTINGFROM,BOOKSFROM,ENDINGAT,LASTVOUCHERDATE,CMPVCHID,ALTVCHID,ALTMSTID,ISAGGREGATE,BASICCOMPANYFORMALNAME,COMPANYCHEQUENAME,COMPANYCONTACTPERSON,COMPANYCONTACTNUMBER,EMAIL,WEBSITE,PHONENUMBER,CMPMOBNO,MOBILENO,_ADDRESS1,_ADDRESS2,_ADDRESS3,_ADDRESS4,_ADDRESS5,STATENAME,PINCODE,COUNTRYNAME,VATTINNUMBER,CORPORATEIDENTITYNO,UDF:CORPORATEIDENTITYNO,INTERSTATESTNUMBER,TANUMBER,STREGNUMBER,CMPPFCODE,INCOMETAXNUMBER,GSTREGISTRATIONTYPE,GSTAPPLICABLEDATE,ISGSTCESSON,GSTDETAILS.LIST,DESTINATION</FETCH>
						<FILTERS>CompanyNameFilter,GroupFilter</FILTERS>
					</COLLECTION>
					<SYSTEM TYPE="FORMULAE" NAME="CompanyNameFilter">$name =  "GST Dummy Co Pvt Ltd" </SYSTEM>
					<SYSTEM TYPE="FORMULAE" NAME="GroupFilter">$isaggregate =  "No" </SYSTEM>
				</TDLMESSAGE>
			</TDL>
		</DESC>
	</BODY>
</ENVELOPE>
<ENVELOPE>
	<HEADER>
		<VERSION>1</VERSION>
		<TALLYREQUEST>Export</TALLYREQUEST>
		<TYPE>Function</TYPE>
		<ID>$$LicenseInfo</ID>
	</HEADER>
	<BODY>
		<DESC>
			<FUNCPARAMLIST>
				<PARAM>Serial Number</PARAM>
			</FUNCPARAMLIST>
		</DESC>
	</BODY>
</ENVELOPE>
<ENVELOPE>
	<HEADER>
		<VERSION>1</VERSION>
		<TALLYREQUEST>Export</TALLYREQUEST>
		<TYPE>Function</TYPE>
		<ID>$$ProdInfo</ID>
	</HEADER>
	<BODY>
		<DESC>
			<FUNCPARAMLIST>
				<PARAM>Prod Build Number</PARAM>
			</FUNCPARAMLIST>
		</DESC>
	</BODY>
</ENVELOPE>
<ENVELOPE>
	<HEADER>
		<VERSION>1</VERSION>
		<TALLYREQUEST>Export</TALLYREQUEST>
		<TYPE>Function</TYPE>
		<ID>$$LicenseInfo</ID>
	</HEADER>
	<BODY>
		<DESC>
			<FUNCPARAMLIST>
				<PARAM>Serial Number</PARAM>
			</FUNCPARAMLIST>
		</DESC>
	</BODY>
</ENVELOPE>
<ENVELOPE>
	<HEADER>
		<VERSION>1</VERSION>
		<TALLYREQUEST>EXPORT</TALLYREQUEST>
		<TYPE>Collection</TYPE>
		<ID>TestTestGstDetSum</ID>
	</HEADER>
	<BODY>
		<DESC>
			<STATICVARIABLES>
				<SVEXPORTFORMAT>$$SysName:XML</SVEXPORTFORMAT>
				<SVCURRENTCOMPANY>GST Dummy Co Pvt Ltd</SVCURRENTCOMPANY>
			</STATICVARIABLES>
			<TDL>
				<TDLMESSAGE>
					<COLLECTION NAME="TestTestGstDetSum" ISMODIFY="No">
						<TYPE>TaxUnit</TYPE>
						<WALK>GSTDetails</WALK>
						<COMPUTE>AppFrom:$ApplicableFrom</COMPUTE>
						<COMPUTE>EInvAppl:$IsGSTeInvApplicable</COMPUTE>
						<COMPUTE>EInvApplFrom:$GSTeInvApplicableDate</COMPUTE>
						<COMPUTE> GSTeInvBillFromPlace: $GSTeInvBillFromPlace </COMPUTE>
						<COMPUTE> GSTeInvReportPeriod:$GSTeInvReportPeriod </COMPUTE>
						<COMPUTE> IsGSTeInvInclEWayBill:$IsGSTeInvInclEWayBill </COMPUTE>
					</COLLECTION>
				</TDLMESSAGE>
			</TDL>
		</DESC>
	</BODY>
</ENVELOPE>
<ENVELOPE>
	<HEADER>
		<VERSION>1</VERSION>
		<TALLYREQUEST>Export</TALLYREQUEST>
		<TYPE>Function</TYPE>
		<ID>$$LicenseInfo</ID>
	</HEADER>
	<BODY>
		<DESC>
			<FUNCPARAMLIST>
				<PARAM>Serial Number</PARAM>
			</FUNCPARAMLIST>
		</DESC>
	</BODY>
</ENVELOPE>
<ENVELOPE>
	<HEADER>
		<VERSION>1</VERSION>
		<TALLYREQUEST>Export</TALLYREQUEST>
		<TYPE>Function</TYPE>
		<ID>$$LicenseInfo</ID>
	</HEADER>
	<BODY>
		<DESC>
			<FUNCPARAMLIST>
				<PARAM>Serial Number</PARAM>
			</FUNCPARAMLIST>
		</DESC>
	</BODY>
</ENVELOPE>
<ENVELOPE>
	<HEADER>
		<VERSION>1</VERSION>
		<TALLYREQUEST>Export</TALLYREQUEST>
		<TYPE>Function</TYPE>
		<ID>$$LicenseInfo</ID>
	</HEADER>
	<BODY>
		<DESC>
			<FUNCPARAMLIST>
				<PARAM>Serial Number</PARAM>
			</FUNCPARAMLIST>
		</DESC>
	</BODY>
</ENVELOPE>
<ENVELOPE>
	<HEADER>
		<VERSION>1</VERSION>
		<TALLYREQUEST>Export</TALLYREQUEST>
		<TYPE>Collection</TYPE>
		<ID>Collection of Ledgers</ID>
	</HEADER>
	<BODY>
		<DESC>
			<STATICVARIABLES>
				<SVFROMDATE TYPE="Date">01-Jan-1970</SVFROMDATE>
				<SVTODATE TYPE="Date">01-Jan-1970</SVTODATE>
				<SVEXPORTFORMAT>$$SysName:XML</SVEXPORTFORMAT>
			</STATICVARIABLES>
			<TDL>
				<TDLMESSAGE>
					<COLLECTION NAME="Collection of Ledgers" ISMODIFY="No">
						<TYPE>Company</TYPE>
						<FETCH>GUID,ALTERID,MASTERID,GUID,NAME</FETCH>
						<FILTERS>CompanyNameFilter,GroupFilter</FILTERS>
					</COLLECTION>
					<SYSTEM TYPE="FORMULAE" NAME="CompanyNameFilter">$name =  "GST Dummy Co Pvt Ltd" </SYSTEM>
					<SYSTEM TYPE="FORMULAE" NAME="GroupFilter">$isaggregate =  "No" </SYSTEM>
				</TDLMESSAGE>
			</TDL>
		</DESC>
	</BODY>
</ENVELOPE>
<?xml version="1.0"?>
<ENVELOPE>
	<HEADER>
		<TALLYREQUEST>Import Data</TALLYREQUEST>
	</HEADER>
	<BODY>
		<IMPORTDATA>
			<REQUESTDESC>
				<REPORTNAME>All Masters</REPORTNAME>
				<STATICVARIABLES>
					<SVCURRENTCOMPANY>GST Dummy Co Pvt Ltd</SVCURRENTCOMPANY>
				</STATICVARIABLES>
			</REQUESTDESC>
			<REQUESTDATA>
				<TALLYMESSAGE
					xmlns:UDF="TallyUDF">
					<STOCKITEM NAME="Test Item by Hussy" RESERVEDNAME="">
						<LANGUAGENAME.LIST>
							<NAME.LIST TYPE="String">
								<NAME>Test Item by Hussy</NAME>
							</NAME.LIST>
							<LANGUAGEID>1033</LANGUAGEID>
						</LANGUAGENAME.LIST>
						<PARENT>Raw Material</PARENT>
						<GSTAPPLICABLE>&#4; Not Applicable</GSTAPPLICABLE>
						<DESCRIPTION>Guarav, if you are reading this know that you're not adopted</DESCRIPTION>
						<BASEUNITS>pcs</BASEUNITS>
						<VATBASEUNIT>pcs</VATBASEUNIT>
					</STOCKITEM>
				</TALLYMESSAGE>
			</REQUESTDATA>
		</IMPORTDATA>
	</BODY>
</ENVELOPE>
<ENVELOPE>
	<HEADER>
		<VERSION>1</VERSION>
		<TALLYREQUEST>Export</TALLYREQUEST>
		<TYPE>Function</TYPE>
		<ID>$$LicenseInfo</ID>
	</HEADER>
	<BODY>
		<DESC>
			<FUNCPARAMLIST>
				<PARAM>Serial Number</PARAM>
			</FUNCPARAMLIST>
		</DESC>
	</BODY>
</ENVELOPE>
<ENVELOPE>
	<HEADER>
		<VERSION>1</VERSION>
		<TALLYREQUEST>Export</TALLYREQUEST>
		<TYPE>Function</TYPE>
		<ID>$$ProdInfo</ID>
	</HEADER>
	<BODY>
		<DESC>
			<FUNCPARAMLIST>
				<PARAM>Prod Build Number</PARAM>
			</FUNCPARAMLIST>
		</DESC>
	</BODY>
</ENVELOPE>
<ENVELOPE>
	<HEADER>
		<VERSION>1</VERSION>
		<TALLYREQUEST>Export</TALLYREQUEST>
		<TYPE>Function</TYPE>
		<ID>$$LicenseInfo</ID>
	</HEADER>
	<BODY>
		<DESC>
			<FUNCPARAMLIST>
				<PARAM>Serial Number</PARAM>
			</FUNCPARAMLIST>
		</DESC>
	</BODY>
</ENVELOPE>
<ENVELOPE>
	<HEADER>
		<VERSION>1</VERSION>
		<TALLYREQUEST>Export</TALLYREQUEST>
		<TYPE>Function</TYPE>
		<ID>$$LicenseInfo</ID>
	</HEADER>
	<BODY>
		<DESC>
			<FUNCPARAMLIST>
				<PARAM>Serial Number</PARAM>
			</FUNCPARAMLIST>
		</DESC>
	</BODY>
</ENVELOPE>
<ENVELOPE>
	<HEADER>
		<VERSION>1</VERSION>
		<TALLYREQUEST>Export</TALLYREQUEST>
		<TYPE>Function</TYPE>
		<ID>$$LicenseInfo</ID>
	</HEADER>
	<BODY>
		<DESC>
			<FUNCPARAMLIST>
				<PARAM>Serial Number</PARAM>
			</FUNCPARAMLIST>
		</DESC>
	</BODY>
</ENVELOPE>
<ENVELOPE>
	<HEADER>
		<VERSION>1</VERSION>
		<TALLYREQUEST>Export</TALLYREQUEST>
		<TYPE>Function</TYPE>
		<ID>$$LicenseInfo</ID>
	</HEADER>
	<BODY>
		<DESC>
			<FUNCPARAMLIST>
				<PARAM>Serial Number</PARAM>
			</FUNCPARAMLIST>
		</DESC>
	</BODY>
</ENVELOPE>
<ENVELOPE>
	<HEADER>
		<VERSION>1</VERSION>
		<TALLYREQUEST>Export</TALLYREQUEST>
		<TYPE>Function</TYPE>
		<ID>$$LicenseInfo</ID>
	</HEADER>
	<BODY>
		<DESC>
			<FUNCPARAMLIST>
				<PARAM>Serial Number</PARAM>
			</FUNCPARAMLIST>
		</DESC>
	</BODY>
</ENVELOPE>
<ENVELOPE>
	<HEADER>
		<VERSION>1</VERSION>
		<TALLYREQUEST>Export</TALLYREQUEST>
		<TYPE>Function</TYPE>
		<ID>$$LicenseInfo</ID>
	</HEADER>
	<BODY>
		<DESC>
			<FUNCPARAMLIST>
				<PARAM>Serial Number</PARAM>
			</FUNCPARAMLIST>
		</DESC>
	</BODY>
</ENVELOPE>
<ENVELOPE>
	<HEADER>
		<VERSION>1</VERSION>
		<TALLYREQUEST>Export</TALLYREQUEST>
		<TYPE>Function</TYPE>
		<ID>$$LicenseInfo</ID>
	</HEADER>
	<BODY>
		<DESC>
			<FUNCPARAMLIST>
				<PARAM>Serial Number</PARAM>
			</FUNCPARAMLIST>
		</DESC>
	</BODY>
</ENVELOPE>
<ENVELOPE>
	<HEADER>
		<VERSION>1</VERSION>
		<TALLYREQUEST>Export</TALLYREQUEST>
		<TYPE>Collection</TYPE>
		<ID>Collection of Ledgers</ID>
	</HEADER>
	<BODY>
		<DESC>
			<STATICVARIABLES>
				<SVFROMDATE TYPE="Date">01-Jan-1970</SVFROMDATE>
				<SVTODATE TYPE="Date">01-Jan-1970</SVTODATE>
				<SVEXPORTFORMAT>$$SysName:XML</SVEXPORTFORMAT>
			</STATICVARIABLES>
			<TDL>
				<TDLMESSAGE>
					<COLLECTION NAME="Collection of Ledgers" ISMODIFY="No">
						<TYPE>Company</TYPE>
						<FETCH>GUID,ALTERID,MASTERID,GUID,NAME,STATE,STARTINGFROM,BOOKSFROM,ENDINGAT,LASTVOUCHERDATE,CMPVCHID,ALTVCHID,ALTMSTID,ISAGGREGATE,BASICCOMPANYFORMALNAME,COMPANYCHEQUENAME,COMPANYCONTACTPERSON,COMPANYCONTACTNUMBER,EMAIL,WEBSITE,PHONENUMBER,CMPMOBNO,MOBILENO,_ADDRESS1,_ADDRESS2,_ADDRESS3,_ADDRESS4,_ADDRESS5,STATENAME,PINCODE,COUNTRYNAME,VATTINNUMBER,CORPORATEIDENTITYNO,UDF:CORPORATEIDENTITYNO,INTERSTATESTNUMBER,TANUMBER,STREGNUMBER,CMPPFCODE,INCOMETAXNUMBER,GSTREGISTRATIONTYPE,GSTAPPLICABLEDATE,ISGSTCESSON,GSTDETAILS.LIST,DESTINATION</FETCH>
						<FILTERS>GroupFilter</FILTERS>
					</COLLECTION>
					<SYSTEM TYPE="FORMULAE" NAME="GroupFilter">$isaggregate =  "No" </SYSTEM>
				</TDLMESSAGE>
			</TDL>
		</DESC>
	</BODY>
</ENVELOPE>
<ENVELOPE>
	<HEADER>
		<VERSION>1</VERSION>
		<TALLYREQUEST>Export</TALLYREQUEST>
		<TYPE>Function</TYPE>
		<ID>$$LicenseInfo</ID>
	</HEADER>
	<BODY>
		<DESC>
			<FUNCPARAMLIST>
				<PARAM>Serial Number</PARAM>
			</FUNCPARAMLIST>
		</DESC>
	</BODY>
</ENVELOPE>
<ENVELOPE>
	<HEADER>
		<VERSION>1</VERSION>
		<TALLYREQUEST>Export</TALLYREQUEST>
		<TYPE>Function</TYPE>
		<ID>$$ProdInfo</ID>
	</HEADER>
	<BODY>
		<DESC>
			<FUNCPARAMLIST>
				<PARAM>Prod Build Number</PARAM>
			</FUNCPARAMLIST>
		</DESC>
	</BODY>
</ENVELOPE>
<ENVELOPE>
	<HEADER>
		<VERSION>1</VERSION>
		<TALLYREQUEST>Export</TALLYREQUEST>
		<TYPE>Function</TYPE>
		<ID>$$LicenseInfo</ID>
	</HEADER>
	<BODY>
		<DESC>
			<FUNCPARAMLIST>
				<PARAM>Serial Number</PARAM>
			</FUNCPARAMLIST>
		</DESC>
	</BODY>
</ENVELOPE>
<ENVELOPE>
	<HEADER>
		<VERSION>1</VERSION>
		<TALLYREQUEST>EXPORT</TALLYREQUEST>
		<TYPE>Collection</TYPE>
		<ID>TestTestGstDetSum</ID>
	</HEADER>
	<BODY>
		<DESC>
			<STATICVARIABLES>
				<SVEXPORTFORMAT>$$SysName:XML</SVEXPORTFORMAT>
				<SVCURRENTCOMPANY>GST Dummy Co Pvt Ltd</SVCURRENTCOMPANY>
			</STATICVARIABLES>
			<TDL>
				<TDLMESSAGE>
					<COLLECTION NAME="TestTestGstDetSum" ISMODIFY="No">
						<TYPE>TaxUnit</TYPE>
						<WALK>GSTDetails</WALK>
						<COMPUTE>AppFrom:$ApplicableFrom</COMPUTE>
						<COMPUTE>EInvAppl:$IsGSTeInvApplicable</COMPUTE>
						<COMPUTE>EInvApplFrom:$GSTeInvApplicableDate</COMPUTE>
						<COMPUTE> GSTeInvBillFromPlace: $GSTeInvBillFromPlace </COMPUTE>
						<COMPUTE> GSTeInvReportPeriod:$GSTeInvReportPeriod </COMPUTE>
						<COMPUTE> IsGSTeInvInclEWayBill:$IsGSTeInvInclEWayBill </COMPUTE>
					</COLLECTION>
				</TDLMESSAGE>
			</TDL>
		</DESC>
	</BODY>
</ENVELOPE>
<ENVELOPE>
	<HEADER>
		<VERSION>1</VERSION>
		<TALLYREQUEST>Export</TALLYREQUEST>
		<TYPE>Function</TYPE>
		<ID>$$LicenseInfo</ID>
	</HEADER>
	<BODY>
		<DESC>
			<FUNCPARAMLIST>
				<PARAM>Serial Number</PARAM>
			</FUNCPARAMLIST>
		</DESC>
	</BODY>
</ENVELOPE>
<ENVELOPE>
	<HEADER>
		<VERSION>1</VERSION>
		<TALLYREQUEST>Export</TALLYREQUEST>
		<TYPE>Collection</TYPE>
		<ID>Collection of Ledgers</ID>
	</HEADER>
	<BODY>
		<DESC>
			<STATICVARIABLES>
				<SVFROMDATE TYPE="Date">01-Jan-1970</SVFROMDATE>
				<SVTODATE TYPE="Date">01-Jan-1970</SVTODATE>
				<SVEXPORTFORMAT>$$SysName:XML</SVEXPORTFORMAT>
			</STATICVARIABLES>
			<TDL>
				<TDLMESSAGE>
					<COLLECTION NAME="Collection of Ledgers" ISMODIFY="No">
						<TYPE>Company</TYPE>
						<FETCH>GUID,ALTERID,MASTERID,GUID,NAME,STATE,STARTINGFROM,BOOKSFROM,ENDINGAT,LASTVOUCHERDATE,CMPVCHID,ALTVCHID,ALTMSTID,ISAGGREGATE,BASICCOMPANYFORMALNAME,COMPANYCHEQUENAME,COMPANYCONTACTPERSON,COMPANYCONTACTNUMBER,EMAIL,WEBSITE,PHONENUMBER,CMPMOBNO,MOBILENO,_ADDRESS1,_ADDRESS2,_ADDRESS3,_ADDRESS4,_ADDRESS5,STATENAME,PINCODE,COUNTRYNAME,VATTINNUMBER,CORPORATEIDENTITYNO,UDF:CORPORATEIDENTITYNO,INTERSTATESTNUMBER,TANUMBER,STREGNUMBER,CMPPFCODE,INCOMETAXNUMBER,GSTREGISTRATIONTYPE,GSTAPPLICABLEDATE,ISGSTCESSON,GSTDETAILS.LIST,DESTINATION</FETCH>
						<FILTERS>CompanyNameFilter,GroupFilter</FILTERS>
					</COLLECTION>
					<SYSTEM TYPE="FORMULAE" NAME="CompanyNameFilter">$name =  "GST Dummy Co Pvt Ltd" </SYSTEM>
					<SYSTEM TYPE="FORMULAE" NAME="GroupFilter">$isaggregate =  "No" </SYSTEM>
				</TDLMESSAGE>
			</TDL>
		</DESC>
	</BODY>
</ENVELOPE>
<ENVELOPE>
	<HEADER>
		<VERSION>1</VERSION>
		<TALLYREQUEST>Export</TALLYREQUEST>
		<TYPE>Function</TYPE>
		<ID>$$LicenseInfo</ID>
	</HEADER>
	<BODY>
		<DESC>
			<FUNCPARAMLIST>
				<PARAM>Serial Number</PARAM>
			</FUNCPARAMLIST>
		</DESC>
	</BODY>
</ENVELOPE>
<ENVELOPE>
	<HEADER>
		<VERSION>1</VERSION>
		<TALLYREQUEST>Export</TALLYREQUEST>
		<TYPE>Function</TYPE>
		<ID>$$ProdInfo</ID>
	</HEADER>
	<BODY>
		<DESC>
			<FUNCPARAMLIST>
				<PARAM>Prod Build Number</PARAM>
			</FUNCPARAMLIST>
		</DESC>
	</BODY>
</ENVELOPE>
<ENVELOPE>
	<HEADER>
		<VERSION>1</VERSION>
		<TALLYREQUEST>Export</TALLYREQUEST>
		<TYPE>Function</TYPE>
		<ID>$$LicenseInfo</ID>
	</HEADER>
	<BODY>
		<DESC>
			<FUNCPARAMLIST>
				<PARAM>Serial Number</PARAM>
			</FUNCPARAMLIST>
		</DESC>
	</BODY>
</ENVELOPE>
<ENVELOPE>
	<HEADER>
		<VERSION>1</VERSION>
		<TALLYREQUEST>EXPORT</TALLYREQUEST>
		<TYPE>Collection</TYPE>
		<ID>TestTestGstDetSum</ID>
	</HEADER>
	<BODY>
		<DESC>
			<STATICVARIABLES>
				<SVEXPORTFORMAT>$$SysName:XML</SVEXPORTFORMAT>
				<SVCURRENTCOMPANY>GST Dummy Co Pvt Ltd</SVCURRENTCOMPANY>
			</STATICVARIABLES>
			<TDL>
				<TDLMESSAGE>
					<COLLECTION NAME="TestTestGstDetSum" ISMODIFY="No">
						<TYPE>TaxUnit</TYPE>
						<WALK>GSTDetails</WALK>
						<COMPUTE>AppFrom:$ApplicableFrom</COMPUTE>
						<COMPUTE>EInvAppl:$IsGSTeInvApplicable</COMPUTE>
						<COMPUTE>EInvApplFrom:$GSTeInvApplicableDate</COMPUTE>
						<COMPUTE> GSTeInvBillFromPlace: $GSTeInvBillFromPlace </COMPUTE>
						<COMPUTE> GSTeInvReportPeriod:$GSTeInvReportPeriod </COMPUTE>
						<COMPUTE> IsGSTeInvInclEWayBill:$IsGSTeInvInclEWayBill </COMPUTE>
					</COLLECTION>
				</TDLMESSAGE>
			</TDL>
		</DESC>
	</BODY>
</ENVELOPE>
<ENVELOPE>
	<HEADER>
		<VERSION>1</VERSION>
		<TALLYREQUEST>Export</TALLYREQUEST>
		<TYPE>Function</TYPE>
		<ID>$$LicenseInfo</ID>
	</HEADER>
	<BODY>
		<DESC>
			<FUNCPARAMLIST>
				<PARAM>Serial Number</PARAM>
			</FUNCPARAMLIST>
		</DESC>
	</BODY>
</ENVELOPE>
<ENVELOPE>
	<HEADER>
		<VERSION>1</VERSION>
		<TALLYREQUEST>Export</TALLYREQUEST>
		<TYPE>Function</TYPE>
		<ID>$$LicenseInfo</ID>
	</HEADER>
	<BODY>
		<DESC>
			<FUNCPARAMLIST>
				<PARAM>Serial Number</PARAM>
			</FUNCPARAMLIST>
		</DESC>
	</BODY>
</ENVELOPE>
<ENVELOPE>
	<HEADER>
		<VERSION>1</VERSION>
		<TALLYREQUEST>Export</TALLYREQUEST>
		<TYPE>Function</TYPE>
		<ID>$$LicenseInfo</ID>
	</HEADER>
	<BODY>
		<DESC>
			<FUNCPARAMLIST>
				<PARAM>Serial Number</PARAM>
			</FUNCPARAMLIST>
		</DESC>
	</BODY>
</ENVELOPE>
<ENVELOPE>
	<HEADER>
		<VERSION>1</VERSION>
		<TALLYREQUEST>Export</TALLYREQUEST>
		<TYPE>Collection</TYPE>
		<ID>Collection of Ledgers</ID>
	</HEADER>
	<BODY>
		<DESC>
			<STATICVARIABLES>
				<SVFROMDATE TYPE="Date">01-Jan-1970</SVFROMDATE>
				<SVTODATE TYPE="Date">01-Jan-1970</SVTODATE>
				<SVEXPORTFORMAT>$$SysName:XML</SVEXPORTFORMAT>
			</STATICVARIABLES>
			<TDL>
				<TDLMESSAGE>
					<COLLECTION NAME="Collection of Ledgers" ISMODIFY="No">
						<TYPE>Company</TYPE>
						<FETCH>GUID,ALTERID,MASTERID,GUID,NAME</FETCH>
						<FILTERS>CompanyNameFilter,GroupFilter</FILTERS>
					</COLLECTION>
					<SYSTEM TYPE="FORMULAE" NAME="CompanyNameFilter">$name =  "GST Dummy Co Pvt Ltd" </SYSTEM>
					<SYSTEM TYPE="FORMULAE" NAME="GroupFilter">$isaggregate =  "No" </SYSTEM>
				</TDLMESSAGE>
			</TDL>
		</DESC>
	</BODY>
</ENVELOPE>
<?xml version="1.0"?>
<ENVELOPE>
	<HEADER>
		<TALLYREQUEST>Import Data</TALLYREQUEST>
	</HEADER>
	<BODY>
		<IMPORTDATA>
			<REQUESTDESC>
				<REPORTNAME>All Masters</REPORTNAME>
				<STATICVARIABLES>
					<SVCURRENTCOMPANY>GST Dummy Co Pvt Ltd</SVCURRENTCOMPANY>
				</STATICVARIABLES>
			</REQUESTDESC>
			<REQUESTDATA>
				<TALLYMESSAGE
					xmlns:UDF="TallyUDF">
					<LEDGER NAME="Neutron">
						<MAILINGNAME.LIST TYPE="String">
							<MAILINGNAME>Neutron</MAILINGNAME>
						</MAILINGNAME.LIST>
						<LANGUAGENAME.LIST>
							<NAME.LIST TYPE="String">
								<NAME>Neutron</NAME>
							</NAME.LIST>
							<LANGUAGEID>1033</LANGUAGEID>
						</LANGUAGENAME.LIST>
						<PARENT>Sundry Creditors</PARENT>
						<LEDGERMOBILE>8055143434</LEDGERMOBILE>
						<EMAIL>hussain@neutron.money</EMAIL>
						<LEDGERCONTACT>Hussy</LEDGERCONTACT>
						<BILLCREDITPERIOD>30 Day</BILLCREDITPERIOD>
						<CREDITLIMIT>500000 Cr</CREDITLIMIT>
						<ISBILLWISEON>No</ISBILLWISEON>
					</LEDGER>
				</TALLYMESSAGE>
			</REQUESTDATA>
		</IMPORTDATA>
	</BODY>
</ENVELOPE>
<ENVELOPE>
	<HEADER>
		<VERSION>1</VERSION>
		<TALLYREQUEST>Export</TALLYREQUEST>
		<TYPE>Function</TYPE>
		<ID>$$LicenseInfo</ID>
	</HEADER>
	<BODY>
		<DESC>
			<FUNCPARAMLIST>
				<PARAM>Serial Number</PARAM>
			</FUNCPARAMLIST>
		</DESC>
	</BODY>
</ENVELOPE>
<ENVELOPE>
	<HEADER>
		<VERSION>1</VERSION>
		<TALLYREQUEST>Export</TALLYREQUEST>
		<TYPE>Collection</TYPE>
		<ID>Collection of Ledgers</ID>
	</HEADER>
	<BODY>
		<DESC>
			<STATICVARIABLES>
				<SVFROMDATE TYPE="Date">01-Jan-1970</SVFROMDATE>
				<SVTODATE TYPE="Date">01-Jan-1970</SVTODATE>
				<SVEXPORTFORMAT>$$SysName:XML</SVEXPORTFORMAT>
			</STATICVARIABLES>
			<TDL>
				<TDLMESSAGE>
					<COLLECTION NAME="Collection of Ledgers" ISMODIFY="No">
						<TYPE>Company</TYPE>
						<FETCH>GUID,ALTERID,MASTERID,GUID,NAME,STATE,STARTINGFROM,BOOKSFROM,ENDINGAT,LASTVOUCHERDATE,CMPVCHID,ALTVCHID,ALTMSTID,ISAGGREGATE,BASICCOMPANYFORMALNAME,COMPANYCHEQUENAME,COMPANYCONTACTPERSON,COMPANYCONTACTNUMBER,EMAIL,WEBSITE,PHONENUMBER,CMPMOBNO,MOBILENO,_ADDRESS1,_ADDRESS2,_ADDRESS3,_ADDRESS4,_ADDRESS5,STATENAME,PINCODE,COUNTRYNAME,VATTINNUMBER,CORPORATEIDENTITYNO,UDF:CORPORATEIDENTITYNO,INTERSTATESTNUMBER,TANUMBER,STREGNUMBER,CMPPFCODE,INCOMETAXNUMBER,GSTREGISTRATIONTYPE,GSTAPPLICABLEDATE,ISGSTCESSON,GSTDETAILS.LIST,DESTINATION</FETCH>
						<FILTERS>CompanyNameFilter,GroupFilter</FILTERS>
					</COLLECTION>
					<SYSTEM TYPE="FORMULAE" NAME="CompanyNameFilter">$name =  "GST Dummy Co Pvt Ltd" </SYSTEM>
					<SYSTEM TYPE="FORMULAE" NAME="GroupFilter">$isaggregate =  "No" </SYSTEM>
				</TDLMESSAGE>
			</TDL>
		</DESC>
	</BODY>
</ENVELOPE>
<ENVELOPE>
	<HEADER>
		<VERSION>1</VERSION>
		<TALLYREQUEST>Export</TALLYREQUEST>
		<TYPE>Function</TYPE>
		<ID>$$LicenseInfo</ID>
	</HEADER>
	<BODY>
		<DESC>
			<FUNCPARAMLIST>
				<PARAM>Serial Number</PARAM>
			</FUNCPARAMLIST>
		</DESC>
	</BODY>
</ENVELOPE>
<ENVELOPE>
	<HEADER>
		<VERSION>1</VERSION>
		<TALLYREQUEST>Export</TALLYREQUEST>
		<TYPE>Function</TYPE>
		<ID>$$ProdInfo</ID>
	</HEADER>
	<BODY>
		<DESC>
			<FUNCPARAMLIST>
				<PARAM>Prod Build Number</PARAM>
			</FUNCPARAMLIST>
		</DESC>
	</BODY>
</ENVELOPE>
<ENVELOPE>
	<HEADER>
		<VERSION>1</VERSION>
		<TALLYREQUEST>Export</TALLYREQUEST>
		<TYPE>Function</TYPE>
		<ID>$$LicenseInfo</ID>
	</HEADER>
	<BODY>
		<DESC>
			<FUNCPARAMLIST>
				<PARAM>Serial Number</PARAM>
			</FUNCPARAMLIST>
		</DESC>
	</BODY>
</ENVELOPE>
<ENVELOPE>
	<HEADER>
		<VERSION>1</VERSION>
		<TALLYREQUEST>EXPORT</TALLYREQUEST>
		<TYPE>Collection</TYPE>
		<ID>TestTestGstDetSum</ID>
	</HEADER>
	<BODY>
		<DESC>
			<STATICVARIABLES>
				<SVEXPORTFORMAT>$$SysName:XML</SVEXPORTFORMAT>
				<SVCURRENTCOMPANY>GST Dummy Co Pvt Ltd</SVCURRENTCOMPANY>
			</STATICVARIABLES>
			<TDL>
				<TDLMESSAGE>
					<COLLECTION NAME="TestTestGstDetSum" ISMODIFY="No">
						<TYPE>TaxUnit</TYPE>
						<WALK>GSTDetails</WALK>
						<COMPUTE>AppFrom:$ApplicableFrom</COMPUTE>
						<COMPUTE>EInvAppl:$IsGSTeInvApplicable</COMPUTE>
						<COMPUTE>EInvApplFrom:$GSTeInvApplicableDate</COMPUTE>
						<COMPUTE> GSTeInvBillFromPlace: $GSTeInvBillFromPlace </COMPUTE>
						<COMPUTE> GSTeInvReportPeriod:$GSTeInvReportPeriod </COMPUTE>
						<COMPUTE> IsGSTeInvInclEWayBill:$IsGSTeInvInclEWayBill </COMPUTE>
					</COLLECTION>
				</TDLMESSAGE>
			</TDL>
		</DESC>
	</BODY>
</ENVELOPE>
<ENVELOPE>
	<HEADER>
		<VERSION>1</VERSION>
		<TALLYREQUEST>Export</TALLYREQUEST>
		<TYPE>Function</TYPE>
		<ID>$$LicenseInfo</ID>
	</HEADER>
	<BODY>
		<DESC>
			<FUNCPARAMLIST>
				<PARAM>Serial Number</PARAM>
			</FUNCPARAMLIST>
		</DESC>
	</BODY>
</ENVELOPE>
<ENVELOPE>
	<HEADER>
		<VERSION>1</VERSION>
		<TALLYREQUEST>Export</TALLYREQUEST>
		<TYPE>Function</TYPE>
		<ID>$$LicenseInfo</ID>
	</HEADER>
	<BODY>
		<DESC>
			<FUNCPARAMLIST>
				<PARAM>Serial Number</PARAM>
			</FUNCPARAMLIST>
		</DESC>
	</BODY>
</ENVELOPE>
<ENVELOPE>
	<HEADER>
		<VERSION>1</VERSION>
		<TALLYREQUEST>Export</TALLYREQUEST>
		<TYPE>Function</TYPE>
		<ID>$$LicenseInfo</ID>
	</HEADER>
	<BODY>
		<DESC>
			<FUNCPARAMLIST>
				<PARAM>Serial Number</PARAM>
			</FUNCPARAMLIST>
		</DESC>
	</BODY>
</ENVELOPE>
<ENVELOPE>
	<HEADER>
		<VERSION>1</VERSION>
		<TALLYREQUEST>Export</TALLYREQUEST>
		<TYPE>Collection</TYPE>
		<ID>Collection of Ledgers</ID>
	</HEADER>
	<BODY>
		<DESC>
			<STATICVARIABLES>
				<SVFROMDATE TYPE="Date">01-Jan-1970</SVFROMDATE>
				<SVTODATE TYPE="Date">01-Jan-1970</SVTODATE>
				<SVEXPORTFORMAT>$$SysName:XML</SVEXPORTFORMAT>
			</STATICVARIABLES>
			<TDL>
				<TDLMESSAGE>
					<COLLECTION NAME="Collection of Ledgers" ISMODIFY="No">
						<TYPE>Company</TYPE>
						<FETCH>GUID,ALTERID,MASTERID,GUID,NAME</FETCH>
						<FILTERS>CompanyNameFilter,GroupFilter</FILTERS>
					</COLLECTION>
					<SYSTEM TYPE="FORMULAE" NAME="CompanyNameFilter">$name =  "GST Dummy Co Pvt Ltd" </SYSTEM>
					<SYSTEM TYPE="FORMULAE" NAME="GroupFilter">$isaggregate =  "No" </SYSTEM>
				</TDLMESSAGE>
			</TDL>
		</DESC>
	</BODY>
</ENVELOPE>
<?xml version="1.0"?>
<ENVELOPE>
	<HEADER>
		<VERSION>1</VERSION>
		<TALLYREQUEST>Import</TALLYREQUEST>
		<TYPE>Data</TYPE>
		<ID>Vouchers</ID>
	</HEADER>
	<BODY>
		<DESC>
			<STATICVARIABLES>
				<SVCURRENTCOMPANY>GST Dummy Co Pvt Ltd</SVCURRENTCOMPANY>
			</STATICVARIABLES>
		</DESC>
		<DATA>
			<TALLYMESSAGE>
				<VOUCHER>
					<DATE>20230419</DATE>
					<ISINVOICE>Yes</ISINVOICE>
					<ISOPTIONAL>No</ISOPTIONAL>
					<PERSISTEDVIEW>Invoice Voucher View</PERSISTEDVIEW>
					<ADDRESS.LIST>
						<ADDRESS/>
					</ADDRESS.LIST>
					<BASICBUYERADDRESS.LIST>
						<BASICBUYERADDRESS/>
					</BASICBUYERADDRESS.LIST>
					<PARTYNAME>Bajaj Electricals</PARTYNAME>
					<VOUCHERTYPENAME>Sales</VOUCHERTYPENAME>
					<PARTYLEDGERNAME>Bajaj Electricals</PARTYLEDGERNAME>
					<BASICBASEPARTYNAME>Bajaj Electricals</BASICBASEPARTYNAME>
					<BASICBUYERNAME>Bajaj Electricals</BASICBUYERNAME>
					<VCHGSTCLASS/>
					<LEDGERENTRIES.LIST>
						<LEDGERNAME>Bajaj Electricals</LEDGERNAME>
						<ISDEEMEDPOSITIVE>Yes</ISDEEMEDPOSITIVE>
						<ISLASTDEEMEDPOSITIVE>Yes</ISLASTDEEMEDPOSITIVE>
						<AMOUNT>-531000</AMOUNT>
						<ISPARTYLEDGER>Yes</ISPARTYLEDGER>
					</LEDGERENTRIES.LIST>
					<LEDGERENTRIES.LIST>
						<LEDGERNAME>Output UGST Payable @ 5%</LEDGERNAME>
						<GSTCLASS/>
						<ISDEEMEDPOSITIVE>No</ISDEEMEDPOSITIVE>
						<AMOUNT>81000</AMOUNT>
						<VATEXPAMOUNT>81000</VATEXPAMOUNT>
						<ISPARTYLEDGER>No</ISPARTYLEDGER>
					</LEDGERENTRIES.LIST>
					<ALLINVENTORYENTRIES.LIST>
						<STOCKITEMNAME>Billet</STOCKITEMNAME>
						<ISDEEMEDPOSITIVE>No</ISDEEMEDPOSITIVE>
						<ISLASTDEEMEDPOSITIVE>No</ISLASTDEEMEDPOSITIVE>
						<AMOUNT>450000</AMOUNT>
						<RATE>30000/MT</RATE>
						<INCLVATRATE>0/MT</INCLVATRATE>
						<ACTUALQTY>15 MT</ACTUALQTY>
						<BILLEDQTY>15 MT</BILLEDQTY>
						<BATCHALLOCATIONS.LIST>
							<TRACKINGNUMBER/>
							<GODOWNNAME>Main Location</GODOWNNAME>
							<AMOUNT>450000</AMOUNT>
							<ACTUALQTY>15 MT</ACTUALQTY>
							<BILLEDQTY>15 MT</BILLEDQTY>
						</BATCHALLOCATIONS.LIST>
						<ACCOUNTINGALLOCATIONS.LIST>
							<LEDGERNAME>Sales</LEDGERNAME>
							<ISDEEMEDPOSITIVE>No</ISDEEMEDPOSITIVE>
							<ISLASTDEEMEDPOSITIVE>No</ISLASTDEEMEDPOSITIVE>
							<AMOUNT>450000</AMOUNT>
							<ISPARTYLEDGER>No</ISPARTYLEDGER>
						</ACCOUNTINGALLOCATIONS.LIST>
					</ALLINVENTORYENTRIES.LIST>
					<VOUCHERNUMBER>6969</VOUCHERNUMBER>
					<NARRATION>Created by Hussain H</NARRATION>
					<STATENAME>Delhi</STATENAME>
					<COUNTRYOFRESIDENCE>India</COUNTRYOFRESIDENCE>
					<CONSIGNEESTATENAME>Delhi</CONSIGNEESTATENAME>
				</VOUCHER>
			</TALLYMESSAGE>
		</DATA>
	</BODY>
</ENVELOPE>
<ENVELOPE>
	<HEADER>
		<VERSION>1</VERSION>
		<TALLYREQUEST>Export</TALLYREQUEST>
		<TYPE>Function</TYPE>
		<ID>$$LicenseInfo</ID>
	</HEADER>
	<BODY>
		<DESC>
			<FUNCPARAMLIST>
				<PARAM>Serial Number</PARAM>
			</FUNCPARAMLIST>
		</DESC>
	</BODY>
</ENVELOPE>
<ENVELOPE>
	<HEADER>
		<VERSION>1</VERSION>
		<TALLYREQUEST>Export</TALLYREQUEST>
		<TYPE>Collection</TYPE>
		<ID>Collection of Ledgers</ID>
	</HEADER>
	<BODY>
		<DESC>
			<STATICVARIABLES>
				<SVCURRENTCOMPANY>GST Dummy Co Pvt Ltd</SVCURRENTCOMPANY>
				<SVFROMDATE TYPE="Date">01-Jan-1970</SVFROMDATE>
				<SVTODATE TYPE="Date">01-Jan-1970</SVTODATE>
				<SVEXPORTFORMAT>$$SysName:XML</SVEXPORTFORMAT>
			</STATICVARIABLES>
			<TDL>
				<TDLMESSAGE>
					<COLLECTION NAME="Collection of Ledgers" ISMODIFY="No">
						<TYPE>Company</TYPE>
						<FETCH>GUID,ALTERID,MASTERID,GUID,NAME,STATE,STARTINGFROM,BOOKSFROM,ENDINGAT,LASTVOUCHERDATE,CMPVCHID,ALTVCHID,ALTMSTID,ISAGGREGATE,BASICCOMPANYFORMALNAME,COMPANYCHEQUENAME,COMPANYCONTACTPERSON,COMPANYCONTACTNUMBER,EMAIL,WEBSITE,PHONENUMBER,CMPMOBNO,MOBILENO,_ADDRESS1,_ADDRESS2,_ADDRESS3,_ADDRESS4,_ADDRESS5,STATENAME,PINCODE,COUNTRYNAME,VATTINNUMBER,CORPORATEIDENTITYNO,UDF:CORPORATEIDENTITYNO,INTERSTATESTNUMBER,TANUMBER,STREGNUMBER,CMPPFCODE,INCOMETAXNUMBER,GSTREGISTRATIONTYPE,GSTAPPLICABLEDATE,ISGSTCESSON,GSTDETAILS.LIST,DESTINATION</FETCH>
						<FILTERS>GroupFilter</FILTERS>
					</COLLECTION>
					<SYSTEM TYPE="FORMULAE" NAME="GroupFilter">$isaggregate =  "No" </SYSTEM>
				</TDLMESSAGE>
			</TDL>
		</DESC>
	</BODY>
</ENVELOPE>
<ENVELOPE>
	<HEADER>
		<VERSION>1</VERSION>
		<TALLYREQUEST>Export</TALLYREQUEST>
		<TYPE>Function</TYPE>
		<ID>$$LicenseInfo</ID>
	</HEADER>
	<BODY>
		<DESC>
			<FUNCPARAMLIST>
				<PARAM>Serial Number</PARAM>
			</FUNCPARAMLIST>
		</DESC>
	</BODY>
</ENVELOPE>
<ENVELOPE>
	<HEADER>
		<VERSION>1</VERSION>
		<TALLYREQUEST>Export</TALLYREQUEST>
		<TYPE>Function</TYPE>
		<ID>$$ProdInfo</ID>
	</HEADER>
	<BODY>
		<DESC>
			<FUNCPARAMLIST>
				<PARAM>Prod Build Number</PARAM>
			</FUNCPARAMLIST>
		</DESC>
	</BODY>
</ENVELOPE>
<ENVELOPE>
	<HEADER>
		<VERSION>1</VERSION>
		<TALLYREQUEST>Export</TALLYREQUEST>
		<TYPE>Function</TYPE>
		<ID>$$LicenseInfo</ID>
	</HEADER>
	<BODY>
		<DESC>
			<FUNCPARAMLIST>
				<PARAM>Serial Number</PARAM>
			</FUNCPARAMLIST>
		</DESC>
	</BODY>
</ENVELOPE>
<ENVELOPE>
	<HEADER>
		<VERSION>1</VERSION>
		<TALLYREQUEST>EXPORT</TALLYREQUEST>
		<TYPE>Collection</TYPE>
		<ID>TestTestGstDetSum</ID>
	</HEADER>
	<BODY>
		<DESC>
			<STATICVARIABLES>
				<SVEXPORTFORMAT>$$SysName:XML</SVEXPORTFORMAT>
				<SVCURRENTCOMPANY>GST Dummy Co Pvt Ltd</SVCURRENTCOMPANY>
			</STATICVARIABLES>
			<TDL>
				<TDLMESSAGE>
					<COLLECTION NAME="TestTestGstDetSum" ISMODIFY="No">
						<TYPE>TaxUnit</TYPE>
						<WALK>GSTDetails</WALK>
						<COMPUTE>AppFrom:$ApplicableFrom</COMPUTE>
						<COMPUTE>EInvAppl:$IsGSTeInvApplicable</COMPUTE>
						<COMPUTE>EInvApplFrom:$GSTeInvApplicableDate</COMPUTE>
						<COMPUTE> GSTeInvBillFromPlace: $GSTeInvBillFromPlace </COMPUTE>
						<COMPUTE> GSTeInvReportPeriod:$GSTeInvReportPeriod </COMPUTE>
						<COMPUTE> IsGSTeInvInclEWayBill:$IsGSTeInvInclEWayBill </COMPUTE>
					</COLLECTION>
				</TDLMESSAGE>
			</TDL>
		</DESC>
	</BODY>
</ENVELOPE>
<ENVELOPE>
	<HEADER>
		<VERSION>1</VERSION>
		<TALLYREQUEST>Export</TALLYREQUEST>
		<TYPE>Function</TYPE>
		<ID>$$LicenseInfo</ID>
	</HEADER>
	<BODY>
		<DESC>
			<FUNCPARAMLIST>
				<PARAM>Serial Number</PARAM>
			</FUNCPARAMLIST>
		</DESC>
	</BODY>
</ENVELOPE>
<ENVELOPE>
	<HEADER>
		<VERSION>1</VERSION>
		<TALLYREQUEST>Export</TALLYREQUEST>
		<TYPE>Function</TYPE>
		<ID>$$LicenseInfo</ID>
	</HEADER>
	<BODY>
		<DESC>
			<FUNCPARAMLIST>
				<PARAM>Serial Number</PARAM>
			</FUNCPARAMLIST>
		</DESC>
	</BODY>
</ENVELOPE>
<ENVELOPE>
	<HEADER>
		<VERSION>1</VERSION>
		<TALLYREQUEST>Export</TALLYREQUEST>
		<TYPE>Function</TYPE>
		<ID>$$LicenseInfo</ID>
	</HEADER>
	<BODY>
		<DESC>
			<FUNCPARAMLIST>
				<PARAM>Serial Number</PARAM>
			</FUNCPARAMLIST>
		</DESC>
	</BODY>
</ENVELOPE>
<ENVELOPE>
	<HEADER>
		<VERSION>1</VERSION>
		<TALLYREQUEST>Export</TALLYREQUEST>
		<TYPE>Collection</TYPE>
		<ID>Collection of Ledgers</ID>
	</HEADER>
	<BODY>
		<DESC>
			<STATICVARIABLES>
				<SVFROMDATE TYPE="Date">01-Jan-1970</SVFROMDATE>
				<SVTODATE TYPE="Date">01-Jan-1970</SVTODATE>
				<SVEXPORTFORMAT>$$SysName:XML</SVEXPORTFORMAT>
			</STATICVARIABLES>
			<TDL>
				<TDLMESSAGE>
					<COLLECTION NAME="Collection of Ledgers" ISMODIFY="No">
						<TYPE>Company</TYPE>
						<FETCH>GUID,ALTERID,MASTERID,GUID,NAME</FETCH>
						<FILTERS>CompanyNameFilter,GroupFilter</FILTERS>
					</COLLECTION>
					<SYSTEM TYPE="FORMULAE" NAME="CompanyNameFilter">$name =  "GST Dummy Co Pvt Ltd" </SYSTEM>
					<SYSTEM TYPE="FORMULAE" NAME="GroupFilter">$isaggregate =  "No" </SYSTEM>
				</TDLMESSAGE>
			</TDL>
		</DESC>
	</BODY>
</ENVELOPE>
<ENVELOPE>
	<HEADER>
		<VERSION>1</VERSION>
		<TALLYREQUEST>Export</TALLYREQUEST>
		<TYPE>Collection</TYPE>
		<ID>Collection of Ledgers</ID>
	</HEADER>
	<BODY>
		<DESC>
			<STATICVARIABLES>
				<SVCURRENTCOMPANY>GST Dummy Co Pvt Ltd</SVCURRENTCOMPANY>
				<SVFROMDATE TYPE="Date">01-Apr-2017</SVFROMDATE>
				<SVTODATE TYPE="Date">02-Sep-2017</SVTODATE>
				<SVEXPORTFORMAT>$$SysName:XML</SVEXPORTFORMAT>
			</STATICVARIABLES>
			<TDL>
				<TDLMESSAGE>
					<COLLECTION NAME="Collection of Ledgers" ISMODIFY="No">
						<TYPE>Currency</TYPE>
						<FETCH>GUID,ALTERID,MASTERID,GUID,NAME</FETCH>
						<FILTERS>AlterId</FILTERS>
					</COLLECTION>
					<SYSTEM TYPE="FORMULAE" NAME="AlterId">$alterid &gt; 697 AND $alterid &lt;= 698</SYSTEM>
				</TDLMESSAGE>
			</TDL>
		</DESC>
	</BODY>
</ENVELOPE>
<ENVELOPE>
	<HEADER>
		<VERSION>1</VERSION>
		<TALLYREQUEST>Export</TALLYREQUEST>
		<TYPE>Function</TYPE>
		<ID>$$LicenseInfo</ID>
	</HEADER>
	<BODY>
		<DESC>
			<FUNCPARAMLIST>
				<PARAM>Serial Number</PARAM>
			</FUNCPARAMLIST>
		</DESC>
	</BODY>
</ENVELOPE>
<ENVELOPE>
	<HEADER>
		<VERSION>1</VERSION>
		<TALLYREQUEST>Export</TALLYREQUEST>
		<TYPE>Function</TYPE>
		<ID>$$LicenseInfo</ID>
	</HEADER>
	<BODY>
		<DESC>
			<FUNCPARAMLIST>
				<PARAM>Serial Number</PARAM>
			</FUNCPARAMLIST>
		</DESC>
	</BODY>
</ENVELOPE>
<ENVELOPE>
	<HEADER>
		<VERSION>1</VERSION>
		<TALLYREQUEST>Export</TALLYREQUEST>
		<TYPE>Function</TYPE>
		<ID>$$LicenseInfo</ID>
	</HEADER>
	<BODY>
		<DESC>
			<FUNCPARAMLIST>
				<PARAM>Serial Number</PARAM>
			</FUNCPARAMLIST>
		</DESC>
	</BODY>
</ENVELOPE>
<ENVELOPE>
	<HEADER>
		<VERSION>1</VERSION>
		<TALLYREQUEST>Export</TALLYREQUEST>
		<TYPE>Collection</TYPE>
		<ID>Collection of Ledgers</ID>
	</HEADER>
	<BODY>
		<DESC>
			<STATICVARIABLES>
				<SVFROMDATE TYPE="Date">01-Jan-1970</SVFROMDATE>
				<SVTODATE TYPE="Date">01-Jan-1970</SVTODATE>
				<SVEXPORTFORMAT>$$SysName:XML</SVEXPORTFORMAT>
			</STATICVARIABLES>
			<TDL>
				<TDLMESSAGE>
					<COLLECTION NAME="Collection of Ledgers" ISMODIFY="No">
						<TYPE>Company</TYPE>
						<FETCH>GUID,ALTERID,MASTERID,GUID,NAME</FETCH>
						<FILTERS>CompanyNameFilter,GroupFilter</FILTERS>
					</COLLECTION>
					<SYSTEM TYPE="FORMULAE" NAME="CompanyNameFilter">$name =  "GST Dummy Co Pvt Ltd" </SYSTEM>
					<SYSTEM TYPE="FORMULAE" NAME="GroupFilter">$isaggregate =  "No" </SYSTEM>
				</TDLMESSAGE>
			</TDL>
		</DESC>
	</BODY>
</ENVELOPE>
<ENVELOPE>
	<HEADER>
		<VERSION>1</VERSION>
		<TALLYREQUEST>Export</TALLYREQUEST>
		<TYPE>Collection</TYPE>
		<ID>Collection of Ledgers</ID>
	</HEADER>
	<BODY>
		<DESC>
			<STATICVARIABLES>
				<SVCURRENTCOMPANY>GST Dummy Co Pvt Ltd</SVCURRENTCOMPANY>
				<SVFROMDATE TYPE="Date">01-Apr-2017</SVFROMDATE>
				<SVTODATE TYPE="Date">02-Sep-2017</SVTODATE>
				<SVEXPORTFORMAT>$$SysName:XML</SVEXPORTFORMAT>
			</STATICVARIABLES>
			<TDL>
				<TDLMESSAGE>
					<COLLECTION NAME="Collection of Ledgers" ISMODIFY="No">
						<TYPE>CostCategory</TYPE>
						<FETCH>GUID,ALTERID,MASTERID,NAME</FETCH>
						<FILTERS>AlterId</FILTERS>
					</COLLECTION>
					<SYSTEM TYPE="FORMULAE" NAME="AlterId">$alterid &gt; 697 AND $alterid &lt;= 698</SYSTEM>
				</TDLMESSAGE>
			</TDL>
		</DESC>
	</BODY>
</ENVELOPE>
<ENVELOPE>
	<HEADER>
		<VERSION>1</VERSION>
		<TALLYREQUEST>Export</TALLYREQUEST>
		<TYPE>Function</TYPE>
		<ID>$$LicenseInfo</ID>
	</HEADER>
	<BODY>
		<DESC>
			<FUNCPARAMLIST>
				<PARAM>Serial Number</PARAM>
			</FUNCPARAMLIST>
		</DESC>
	</BODY>
</ENVELOPE>
<ENVELOPE>
	<HEADER>
		<VERSION>1</VERSION>
		<TALLYREQUEST>Export</TALLYREQUEST>
		<TYPE>Function</TYPE>
		<ID>$$LicenseInfo</ID>
	</HEADER>
	<BODY>
		<DESC>
			<FUNCPARAMLIST>
				<PARAM>Serial Number</PARAM>
			</FUNCPARAMLIST>
		</DESC>
	</BODY>
</ENVELOPE>
<ENVELOPE>
	<HEADER>
		<VERSION>1</VERSION>
		<TALLYREQUEST>Export</TALLYREQUEST>
		<TYPE>Function</TYPE>
		<ID>$$LicenseInfo</ID>
	</HEADER>
	<BODY>
		<DESC>
			<FUNCPARAMLIST>
				<PARAM>Serial Number</PARAM>
			</FUNCPARAMLIST>
		</DESC>
	</BODY>
</ENVELOPE>
<ENVELOPE>
	<HEADER>
		<VERSION>1</VERSION>
		<TALLYREQUEST>Export</TALLYREQUEST>
		<TYPE>Collection</TYPE>
		<ID>Collection of Ledgers</ID>
	</HEADER>
	<BODY>
		<DESC>
			<STATICVARIABLES>
				<SVFROMDATE TYPE="Date">01-Jan-1970</SVFROMDATE>
				<SVTODATE TYPE="Date">01-Jan-1970</SVTODATE>
				<SVEXPORTFORMAT>$$SysName:XML</SVEXPORTFORMAT>
			</STATICVARIABLES>
			<TDL>
				<TDLMESSAGE>
					<COLLECTION NAME="Collection of Ledgers" ISMODIFY="No">
						<TYPE>Company</TYPE>
						<FETCH>GUID,ALTERID,MASTERID,GUID,NAME</FETCH>
						<FILTERS>CompanyNameFilter,GroupFilter</FILTERS>
					</COLLECTION>
					<SYSTEM TYPE="FORMULAE" NAME="CompanyNameFilter">$name =  "GST Dummy Co Pvt Ltd" </SYSTEM>
					<SYSTEM TYPE="FORMULAE" NAME="GroupFilter">$isaggregate =  "No" </SYSTEM>
				</TDLMESSAGE>
			</TDL>
		</DESC>
	</BODY>
</ENVELOPE>
<ENVELOPE>
	<HEADER>
		<VERSION>1</VERSION>
		<TALLYREQUEST>Export</TALLYREQUEST>
		<TYPE>Collection</TYPE>
		<ID>Collection of Ledgers</ID>
	</HEADER>
	<BODY>
		<DESC>
			<STATICVARIABLES>
				<SVCURRENTCOMPANY>GST Dummy Co Pvt Ltd</SVCURRENTCOMPANY>
				<SVFROMDATE TYPE="Date">01-Apr-2017</SVFROMDATE>
				<SVTODATE TYPE="Date">02-Sep-2017</SVTODATE>
				<SVEXPORTFORMAT>$$SysName:XML</SVEXPORTFORMAT>
			</STATICVARIABLES>
			<TDL>
				<TDLMESSAGE>
					<COLLECTION NAME="Collection of Ledgers" ISMODIFY="No">
						<TYPE>CostCentre</TYPE>
						<FETCH>GUID,ALTERID,MASTERID,GUID,NAME,PARENT,CATEGORY,FORPAYROLL,ISEMPLOYEEGROUP</FETCH>
						<FILTERS>AlterId</FILTERS>
					</COLLECTION>
					<SYSTEM TYPE="FORMULAE" NAME="AlterId">$alterid &gt; 697 AND $alterid &lt;= 698</SYSTEM>
				</TDLMESSAGE>
			</TDL>
		</DESC>
	</BODY>
</ENVELOPE>
<ENVELOPE>
	<HEADER>
		<VERSION>1</VERSION>
		<TALLYREQUEST>Export</TALLYREQUEST>
		<TYPE>Function</TYPE>
		<ID>$$LicenseInfo</ID>
	</HEADER>
	<BODY>
		<DESC>
			<FUNCPARAMLIST>
				<PARAM>Serial Number</PARAM>
			</FUNCPARAMLIST>
		</DESC>
	</BODY>
</ENVELOPE>
<ENVELOPE>
	<HEADER>
		<VERSION>1</VERSION>
		<TALLYREQUEST>Export</TALLYREQUEST>
		<TYPE>Function</TYPE>
		<ID>$$LicenseInfo</ID>
	</HEADER>
	<BODY>
		<DESC>
			<FUNCPARAMLIST>
				<PARAM>Serial Number</PARAM>
			</FUNCPARAMLIST>
		</DESC>
	</BODY>
</ENVELOPE>
<ENVELOPE>
	<HEADER>
		<VERSION>1</VERSION>
		<TALLYREQUEST>Export</TALLYREQUEST>
		<TYPE>Function</TYPE>
		<ID>$$LicenseInfo</ID>
	</HEADER>
	<BODY>
		<DESC>
			<FUNCPARAMLIST>
				<PARAM>Serial Number</PARAM>
			</FUNCPARAMLIST>
		</DESC>
	</BODY>
</ENVELOPE>
<ENVELOPE>
	<HEADER>
		<VERSION>1</VERSION>
		<TALLYREQUEST>Export</TALLYREQUEST>
		<TYPE>Collection</TYPE>
		<ID>Collection of Ledgers</ID>
	</HEADER>
	<BODY>
		<DESC>
			<STATICVARIABLES>
				<SVFROMDATE TYPE="Date">01-Jan-1970</SVFROMDATE>
				<SVTODATE TYPE="Date">01-Jan-1970</SVTODATE>
				<SVEXPORTFORMAT>$$SysName:XML</SVEXPORTFORMAT>
			</STATICVARIABLES>
			<TDL>
				<TDLMESSAGE>
					<COLLECTION NAME="Collection of Ledgers" ISMODIFY="No">
						<TYPE>Company</TYPE>
						<FETCH>GUID,ALTERID,MASTERID,GUID,NAME</FETCH>
						<FILTERS>CompanyNameFilter,GroupFilter</FILTERS>
					</COLLECTION>
					<SYSTEM TYPE="FORMULAE" NAME="CompanyNameFilter">$name =  "GST Dummy Co Pvt Ltd" </SYSTEM>
					<SYSTEM TYPE="FORMULAE" NAME="GroupFilter">$isaggregate =  "No" </SYSTEM>
				</TDLMESSAGE>
			</TDL>
		</DESC>
	</BODY>
</ENVELOPE>
<ENVELOPE>
	<HEADER>
		<VERSION>1</VERSION>
		<TALLYREQUEST>Export</TALLYREQUEST>
		<TYPE>Collection</TYPE>
		<ID>Collection of Ledgers</ID>
	</HEADER>
	<BODY>
		<DESC>
			<STATICVARIABLES>
				<SVCURRENTCOMPANY>GST Dummy Co Pvt Ltd</SVCURRENTCOMPANY>
				<SVFROMDATE TYPE="Date">01-Apr-2017</SVFROMDATE>
				<SVTODATE TYPE="Date">02-Sep-2017</SVTODATE>
				<SVEXPORTFORMAT>$$SysName:XML</SVEXPORTFORMAT>
			</STATICVARIABLES>
			<TDL>
				<TDLMESSAGE>
					<COLLECTION NAME="Collection of Ledgers" ISMODIFY="No">
						<TYPE>Group</TYPE>
						<FETCH>GUID,ALTERID,MASTERID,NAME,GUID,PARENT,LANGUAGENAME.LIST,ISREVENUE,AFFECTSGROSSPROFIT,ISDEEMEDPOSITIVE,AFFECTSSTOCK,TRACKNEGATIVEBALANCES,ISSUBLEDGER,ISBILLWISEON,ISCOSTCENTRESON</FETCH>
						<FILTERS>AlterId</FILTERS>
					</COLLECTION>
					<SYSTEM TYPE="FORMULAE" NAME="AlterId">$alterid &gt; 697 AND $alterid &lt;= 698</SYSTEM>
				</TDLMESSAGE>
			</TDL>
		</DESC>
	</BODY>
</ENVELOPE>
<ENVELOPE>
	<HEADER>
		<VERSION>1</VERSION>
		<TALLYREQUEST>Export</TALLYREQUEST>
		<TYPE>Function</TYPE>
		<ID>$$LicenseInfo</ID>
	</HEADER>
	<BODY>
		<DESC>
			<FUNCPARAMLIST>
				<PARAM>Serial Number</PARAM>
			</FUNCPARAMLIST>
		</DESC>
	</BODY>
</ENVELOPE>
<ENVELOPE>
	<HEADER>
		<VERSION>1</VERSION>
		<TALLYREQUEST>Export</TALLYREQUEST>
		<TYPE>Function</TYPE>
		<ID>$$LicenseInfo</ID>
	</HEADER>
	<BODY>
		<DESC>
			<FUNCPARAMLIST>
				<PARAM>Serial Number</PARAM>
			</FUNCPARAMLIST>
		</DESC>
	</BODY>
</ENVELOPE>
<ENVELOPE>
	<HEADER>
		<VERSION>1</VERSION>
		<TALLYREQUEST>Export</TALLYREQUEST>
		<TYPE>Function</TYPE>
		<ID>$$LicenseInfo</ID>
	</HEADER>
	<BODY>
		<DESC>
			<FUNCPARAMLIST>
				<PARAM>Serial Number</PARAM>
			</FUNCPARAMLIST>
		</DESC>
	</BODY>
</ENVELOPE>
<ENVELOPE>
	<HEADER>
		<VERSION>1</VERSION>
		<TALLYREQUEST>Export</TALLYREQUEST>
		<TYPE>Collection</TYPE>
		<ID>Collection of Ledgers</ID>
	</HEADER>
	<BODY>
		<DESC>
			<STATICVARIABLES>
				<SVFROMDATE TYPE="Date">01-Jan-1970</SVFROMDATE>
				<SVTODATE TYPE="Date">01-Jan-1970</SVTODATE>
				<SVEXPORTFORMAT>$$SysName:XML</SVEXPORTFORMAT>
			</STATICVARIABLES>
			<TDL>
				<TDLMESSAGE>
					<COLLECTION NAME="Collection of Ledgers" ISMODIFY="No">
						<TYPE>Company</TYPE>
						<FETCH>GUID,ALTERID,MASTERID,GUID,NAME</FETCH>
						<FILTERS>CompanyNameFilter,GroupFilter</FILTERS>
					</COLLECTION>
					<SYSTEM TYPE="FORMULAE" NAME="CompanyNameFilter">$name =  "GST Dummy Co Pvt Ltd" </SYSTEM>
					<SYSTEM TYPE="FORMULAE" NAME="GroupFilter">$isaggregate =  "No" </SYSTEM>
				</TDLMESSAGE>
			</TDL>
		</DESC>
	</BODY>
</ENVELOPE>
<ENVELOPE>
	<HEADER>
		<VERSION>1</VERSION>
		<TALLYREQUEST>Export</TALLYREQUEST>
		<TYPE>Collection</TYPE>
		<ID>Collection of Ledgers</ID>
	</HEADER>
	<BODY>
		<DESC>
			<STATICVARIABLES>
				<SVCURRENTCOMPANY>GST Dummy Co Pvt Ltd</SVCURRENTCOMPANY>
				<SVFROMDATE TYPE="Date">01-Apr-2017</SVFROMDATE>
				<SVTODATE TYPE="Date">02-Sep-2017</SVTODATE>
				<SVEXPORTFORMAT>$$SysName:XML</SVEXPORTFORMAT>
			</STATICVARIABLES>
			<TDL>
				<TDLMESSAGE>
					<COLLECTION NAME="Collection of Ledgers" ISMODIFY="No">
						<TYPE>VoucherType</TYPE>
						<FETCH>GUID,ALTERID,MASTERID,NAME,PARENT,USEFORPOSINVOICE,LANGUAGENAME.LIST,NUMBERINGMETHOD,PREVENTDUPLICATES,VOUCHERCLASSLIST.LIST</FETCH>
						<FILTERS>AlterId</FILTERS>
					</COLLECTION>
					<SYSTEM TYPE="FORMULAE" NAME="AlterId">$alterid &gt; 697 AND $alterid &lt;= 698</SYSTEM>
				</TDLMESSAGE>
			</TDL>
		</DESC>
	</BODY>
</ENVELOPE>
<ENVELOPE>
	<HEADER>
		<VERSION>1</VERSION>
		<TALLYREQUEST>Export</TALLYREQUEST>
		<TYPE>Function</TYPE>
		<ID>$$LicenseInfo</ID>
	</HEADER>
	<BODY>
		<DESC>
			<FUNCPARAMLIST>
				<PARAM>Serial Number</PARAM>
			</FUNCPARAMLIST>
		</DESC>
	</BODY>
</ENVELOPE>
<ENVELOPE>
	<HEADER>
		<VERSION>1</VERSION>
		<TALLYREQUEST>Export</TALLYREQUEST>
		<TYPE>Function</TYPE>
		<ID>$$LicenseInfo</ID>
	</HEADER>
	<BODY>
		<DESC>
			<FUNCPARAMLIST>
				<PARAM>Serial Number</PARAM>
			</FUNCPARAMLIST>
		</DESC>
	</BODY>
</ENVELOPE>
<ENVELOPE>
	<HEADER>
		<VERSION>1</VERSION>
		<TALLYREQUEST>Export</TALLYREQUEST>
		<TYPE>Function</TYPE>
		<ID>$$LicenseInfo</ID>
	</HEADER>
	<BODY>
		<DESC>
			<FUNCPARAMLIST>
				<PARAM>Serial Number</PARAM>
			</FUNCPARAMLIST>
		</DESC>
	</BODY>
</ENVELOPE>
<ENVELOPE>
	<HEADER>
		<VERSION>1</VERSION>
		<TALLYREQUEST>Export</TALLYREQUEST>
		<TYPE>Collection</TYPE>
		<ID>Collection of Ledgers</ID>
	</HEADER>
	<BODY>
		<DESC>
			<STATICVARIABLES>
				<SVFROMDATE TYPE="Date">01-Jan-1970</SVFROMDATE>
				<SVTODATE TYPE="Date">01-Jan-1970</SVTODATE>
				<SVEXPORTFORMAT>$$SysName:XML</SVEXPORTFORMAT>
			</STATICVARIABLES>
			<TDL>
				<TDLMESSAGE>
					<COLLECTION NAME="Collection of Ledgers" ISMODIFY="No">
						<TYPE>Company</TYPE>
						<FETCH>GUID,ALTERID,MASTERID,GUID,NAME</FETCH>
						<FILTERS>CompanyNameFilter,GroupFilter</FILTERS>
					</COLLECTION>
					<SYSTEM TYPE="FORMULAE" NAME="CompanyNameFilter">$name =  "GST Dummy Co Pvt Ltd" </SYSTEM>
					<SYSTEM TYPE="FORMULAE" NAME="GroupFilter">$isaggregate =  "No" </SYSTEM>
				</TDLMESSAGE>
			</TDL>
		</DESC>
	</BODY>
</ENVELOPE>
<ENVELOPE>
	<HEADER>
		<VERSION>1</VERSION>
		<TALLYREQUEST>Export</TALLYREQUEST>
		<TYPE>Collection</TYPE>
		<ID>Collection of Ledgers</ID>
	</HEADER>
	<BODY>
		<DESC>
			<STATICVARIABLES>
				<SVCURRENTCOMPANY>GST Dummy Co Pvt Ltd</SVCURRENTCOMPANY>
				<SVFROMDATE TYPE="Date">01-Apr-2017</SVFROMDATE>
				<SVTODATE TYPE="Date">02-Sep-2017</SVTODATE>
				<SVEXPORTFORMAT>$$SysName:XML</SVEXPORTFORMAT>
			</STATICVARIABLES>
			<TDL>
				<TDLMESSAGE>
					<COLLECTION NAME="Collection of Ledgers" ISMODIFY="No">
						<TYPE>Godown</TYPE>
						<FETCH>GUID,ALTERID,MASTERID,NAME,ADDRESS.LIST,PINCODE,PHONENUMBER,EXCISERANGECODE,EXCISEDIVISIONCODE,EXCISEREGNO,PARENT</FETCH>
						<FILTERS>AlterId</FILTERS>
					</COLLECTION>
					<SYSTEM TYPE="FORMULAE" NAME="AlterId">$alterid &gt; 697 AND $alterid &lt;= 698</SYSTEM>
				</TDLMESSAGE>
			</TDL>
		</DESC>
	</BODY>
</ENVELOPE>
<ENVELOPE>
	<HEADER>
		<VERSION>1</VERSION>
		<TALLYREQUEST>Export</TALLYREQUEST>
		<TYPE>Function</TYPE>
		<ID>$$LicenseInfo</ID>
	</HEADER>
	<BODY>
		<DESC>
			<FUNCPARAMLIST>
				<PARAM>Serial Number</PARAM>
			</FUNCPARAMLIST>
		</DESC>
	</BODY>
</ENVELOPE>
<ENVELOPE>
	<HEADER>
		<VERSION>1</VERSION>
		<TALLYREQUEST>Export</TALLYREQUEST>
		<TYPE>Function</TYPE>
		<ID>$$LicenseInfo</ID>
	</HEADER>
	<BODY>
		<DESC>
			<FUNCPARAMLIST>
				<PARAM>Serial Number</PARAM>
			</FUNCPARAMLIST>
		</DESC>
	</BODY>
</ENVELOPE>
<ENVELOPE>
	<HEADER>
		<VERSION>1</VERSION>
		<TALLYREQUEST>Export</TALLYREQUEST>
		<TYPE>Function</TYPE>
		<ID>$$LicenseInfo</ID>
	</HEADER>
	<BODY>
		<DESC>
			<FUNCPARAMLIST>
				<PARAM>Serial Number</PARAM>
			</FUNCPARAMLIST>
		</DESC>
	</BODY>
</ENVELOPE>
<ENVELOPE>
	<HEADER>
		<VERSION>1</VERSION>
		<TALLYREQUEST>Export</TALLYREQUEST>
		<TYPE>Collection</TYPE>
		<ID>Collection of Ledgers</ID>
	</HEADER>
	<BODY>
		<DESC>
			<STATICVARIABLES>
				<SVFROMDATE TYPE="Date">01-Jan-1970</SVFROMDATE>
				<SVTODATE TYPE="Date">01-Jan-1970</SVTODATE>
				<SVEXPORTFORMAT>$$SysName:XML</SVEXPORTFORMAT>
			</STATICVARIABLES>
			<TDL>
				<TDLMESSAGE>
					<COLLECTION NAME="Collection of Ledgers" ISMODIFY="No">
						<TYPE>Company</TYPE>
						<FETCH>GUID,ALTERID,MASTERID,GUID,NAME</FETCH>
						<FILTERS>CompanyNameFilter,GroupFilter</FILTERS>
					</COLLECTION>
					<SYSTEM TYPE="FORMULAE" NAME="CompanyNameFilter">$name =  "GST Dummy Co Pvt Ltd" </SYSTEM>
					<SYSTEM TYPE="FORMULAE" NAME="GroupFilter">$isaggregate =  "No" </SYSTEM>
				</TDLMESSAGE>
			</TDL>
		</DESC>
	</BODY>
</ENVELOPE>
<ENVELOPE>
	<HEADER>
		<VERSION>1</VERSION>
		<TALLYREQUEST>Export</TALLYREQUEST>
		<TYPE>Collection</TYPE>
		<ID>Collection of Ledgers</ID>
	</HEADER>
	<BODY>
		<DESC>
			<STATICVARIABLES>
				<SVCURRENTCOMPANY>GST Dummy Co Pvt Ltd</SVCURRENTCOMPANY>
				<SVFROMDATE TYPE="Date">01-Apr-2017</SVFROMDATE>
				<SVTODATE TYPE="Date">02-Sep-2017</SVTODATE>
				<SVEXPORTFORMAT>$$SysName:XML</SVEXPORTFORMAT>
			</STATICVARIABLES>
			<TDL>
				<TDLMESSAGE>
					<COLLECTION NAME="Collection of Ledgers" ISMODIFY="No">
						<TYPE>Unit</TYPE>
						<FETCH>GUID,ALTERID,MASTERID,NAME,GUID,ISSIMPLEUNIT,ALTERID,BASEUNITS,ADDITIONALUNITS,CONVERSION,ISUPDATINGTARGETID,ASORIGINAL,ISGSTEXCLUDED</FETCH>
						<FILTERS>AlterId</FILTERS>
					</COLLECTION>
					<SYSTEM TYPE="FORMULAE" NAME="AlterId">$alterid &gt; 697 AND $alterid &lt;= 698</SYSTEM>
				</TDLMESSAGE>
			</TDL>
		</DESC>
	</BODY>
</ENVELOPE>
<ENVELOPE>
	<HEADER>
		<VERSION>1</VERSION>
		<TALLYREQUEST>Export</TALLYREQUEST>
		<TYPE>Function</TYPE>
		<ID>$$LicenseInfo</ID>
	</HEADER>
	<BODY>
		<DESC>
			<FUNCPARAMLIST>
				<PARAM>Serial Number</PARAM>
			</FUNCPARAMLIST>
		</DESC>
	</BODY>
</ENVELOPE>
<ENVELOPE>
	<HEADER>
		<VERSION>1</VERSION>
		<TALLYREQUEST>Export</TALLYREQUEST>
		<TYPE>Function</TYPE>
		<ID>$$LicenseInfo</ID>
	</HEADER>
	<BODY>
		<DESC>
			<FUNCPARAMLIST>
				<PARAM>Serial Number</PARAM>
			</FUNCPARAMLIST>
		</DESC>
	</BODY>
</ENVELOPE>
<ENVELOPE>
	<HEADER>
		<VERSION>1</VERSION>
		<TALLYREQUEST>Export</TALLYREQUEST>
		<TYPE>Function</TYPE>
		<ID>$$LicenseInfo</ID>
	</HEADER>
	<BODY>
		<DESC>
			<FUNCPARAMLIST>
				<PARAM>Serial Number</PARAM>
			</FUNCPARAMLIST>
		</DESC>
	</BODY>
</ENVELOPE>
<ENVELOPE>
	<HEADER>
		<VERSION>1</VERSION>
		<TALLYREQUEST>Export</TALLYREQUEST>
		<TYPE>Collection</TYPE>
		<ID>Collection of Ledgers</ID>
	</HEADER>
	<BODY>
		<DESC>
			<STATICVARIABLES>
				<SVFROMDATE TYPE="Date">01-Jan-1970</SVFROMDATE>
				<SVTODATE TYPE="Date">01-Jan-1970</SVTODATE>
				<SVEXPORTFORMAT>$$SysName:XML</SVEXPORTFORMAT>
			</STATICVARIABLES>
			<TDL>
				<TDLMESSAGE>
					<COLLECTION NAME="Collection of Ledgers" ISMODIFY="No">
						<TYPE>Company</TYPE>
						<FETCH>GUID,ALTERID,MASTERID,GUID,NAME</FETCH>
						<FILTERS>CompanyNameFilter,GroupFilter</FILTERS>
					</COLLECTION>
					<SYSTEM TYPE="FORMULAE" NAME="CompanyNameFilter">$name =  "GST Dummy Co Pvt Ltd" </SYSTEM>
					<SYSTEM TYPE="FORMULAE" NAME="GroupFilter">$isaggregate =  "No" </SYSTEM>
				</TDLMESSAGE>
			</TDL>
		</DESC>
	</BODY>
</ENVELOPE>
<ENVELOPE>
	<HEADER>
		<VERSION>1</VERSION>
		<TALLYREQUEST>Export</TALLYREQUEST>
		<TYPE>Collection</TYPE>
		<ID>Collection of Ledgers</ID>
	</HEADER>
	<BODY>
		<DESC>
			<STATICVARIABLES>
				<SVCURRENTCOMPANY>GST Dummy Co Pvt Ltd</SVCURRENTCOMPANY>
				<SVFROMDATE TYPE="Date">01-Apr-2017</SVFROMDATE>
				<SVTODATE TYPE="Date">02-Sep-2017</SVTODATE>
				<SVEXPORTFORMAT>$$SysName:XML</SVEXPORTFORMAT>
			</STATICVARIABLES>
			<TDL>
				<TDLMESSAGE>
					<COLLECTION NAME="Collection of Ledgers" ISMODIFY="No">
						<TYPE>StockGroup</TYPE>
						<FETCH>GUID,ALTERID,MASTERID,NAME,GUID,PARENT,BASEUNITS,COSTINGMETHOD,VALUATIONMETHOD,ISCOSTCENTRESON,ISBATCHWISEON,ISPERISHABLEON,ISADDABLE,IGNOREPHYSICALDIFFERENCE,IGNORENEGATIVESTOCK,ALLOWUSEOFEXPIREDITEMS,HASMFGDATE,IGNOREBATCHES,IGNOREGODOWNS,GSTDETAILS.LIST,VATDETAILS.LIST</FETCH>
						<FILTERS>AlterId</FILTERS>
					</COLLECTION>
					<SYSTEM TYPE="FORMULAE" NAME="AlterId">$alterid &gt; 697 AND $alterid &lt;= 698</SYSTEM>
				</TDLMESSAGE>
			</TDL>
		</DESC>
	</BODY>
</ENVELOPE>
<ENVELOPE>
	<HEADER>
		<VERSION>1</VERSION>
		<TALLYREQUEST>Export</TALLYREQUEST>
		<TYPE>Function</TYPE>
		<ID>$$LicenseInfo</ID>
	</HEADER>
	<BODY>
		<DESC>
			<FUNCPARAMLIST>
				<PARAM>Serial Number</PARAM>
			</FUNCPARAMLIST>
		</DESC>
	</BODY>
</ENVELOPE>
<ENVELOPE>
	<HEADER>
		<VERSION>1</VERSION>
		<TALLYREQUEST>Export</TALLYREQUEST>
		<TYPE>Function</TYPE>
		<ID>$$LicenseInfo</ID>
	</HEADER>
	<BODY>
		<DESC>
			<FUNCPARAMLIST>
				<PARAM>Serial Number</PARAM>
			</FUNCPARAMLIST>
		</DESC>
	</BODY>
</ENVELOPE>
<ENVELOPE>
	<HEADER>
		<VERSION>1</VERSION>
		<TALLYREQUEST>Export</TALLYREQUEST>
		<TYPE>Function</TYPE>
		<ID>$$LicenseInfo</ID>
	</HEADER>
	<BODY>
		<DESC>
			<FUNCPARAMLIST>
				<PARAM>Serial Number</PARAM>
			</FUNCPARAMLIST>
		</DESC>
	</BODY>
</ENVELOPE>
<ENVELOPE>
	<HEADER>
		<VERSION>1</VERSION>
		<TALLYREQUEST>Export</TALLYREQUEST>
		<TYPE>Collection</TYPE>
		<ID>Collection of Ledgers</ID>
	</HEADER>
	<BODY>
		<DESC>
			<STATICVARIABLES>
				<SVFROMDATE TYPE="Date">01-Jan-1970</SVFROMDATE>
				<SVTODATE TYPE="Date">01-Jan-1970</SVTODATE>
				<SVEXPORTFORMAT>$$SysName:XML</SVEXPORTFORMAT>
			</STATICVARIABLES>
			<TDL>
				<TDLMESSAGE>
					<COLLECTION NAME="Collection of Ledgers" ISMODIFY="No">
						<TYPE>Company</TYPE>
						<FETCH>GUID,ALTERID,MASTERID,GUID,NAME</FETCH>
						<FILTERS>CompanyNameFilter,GroupFilter</FILTERS>
					</COLLECTION>
					<SYSTEM TYPE="FORMULAE" NAME="CompanyNameFilter">$name =  "GST Dummy Co Pvt Ltd" </SYSTEM>
					<SYSTEM TYPE="FORMULAE" NAME="GroupFilter">$isaggregate =  "No" </SYSTEM>
				</TDLMESSAGE>
			</TDL>
		</DESC>
	</BODY>
</ENVELOPE>
<ENVELOPE>
	<HEADER>
		<VERSION>1</VERSION>
		<TALLYREQUEST>Export</TALLYREQUEST>
		<TYPE>Collection</TYPE>
		<ID>Collection of Ledgers</ID>
	</HEADER>
	<BODY>
		<DESC>
			<STATICVARIABLES>
				<SVCURRENTCOMPANY>GST Dummy Co Pvt Ltd</SVCURRENTCOMPANY>
				<SVFROMDATE TYPE="Date">01-Apr-2017</SVFROMDATE>
				<SVTODATE TYPE="Date">02-Sep-2017</SVTODATE>
				<SVEXPORTFORMAT>$$SysName:XML</SVEXPORTFORMAT>
			</STATICVARIABLES>
			<TDL>
				<TDLMESSAGE>
					<COLLECTION NAME="Collection of Ledgers" ISMODIFY="No">
						<TYPE>StockCategory</TYPE>
						<FETCH>GUID,ALTERID,MASTERID,NAME,GUID,PARENT</FETCH>
						<FILTERS>AlterId</FILTERS>
					</COLLECTION>
					<SYSTEM TYPE="FORMULAE" NAME="AlterId">$alterid &gt; 697 AND $alterid &lt;= 698</SYSTEM>
				</TDLMESSAGE>
			</TDL>
		</DESC>
	</BODY>
</ENVELOPE>
<ENVELOPE>
	<HEADER>
		<VERSION>1</VERSION>
		<TALLYREQUEST>Export</TALLYREQUEST>
		<TYPE>Function</TYPE>
		<ID>$$LicenseInfo</ID>
	</HEADER>
	<BODY>
		<DESC>
			<FUNCPARAMLIST>
				<PARAM>Serial Number</PARAM>
			</FUNCPARAMLIST>
		</DESC>
	</BODY>
</ENVELOPE>
<ENVELOPE>
	<HEADER>
		<VERSION>1</VERSION>
		<TALLYREQUEST>Export</TALLYREQUEST>
		<TYPE>Function</TYPE>
		<ID>$$LicenseInfo</ID>
	</HEADER>
	<BODY>
		<DESC>
			<FUNCPARAMLIST>
				<PARAM>Serial Number</PARAM>
			</FUNCPARAMLIST>
		</DESC>
	</BODY>
</ENVELOPE>
<ENVELOPE>
	<HEADER>
		<VERSION>1</VERSION>
		<TALLYREQUEST>Export</TALLYREQUEST>
		<TYPE>Function</TYPE>
		<ID>$$LicenseInfo</ID>
	</HEADER>
	<BODY>
		<DESC>
			<FUNCPARAMLIST>
				<PARAM>Serial Number</PARAM>
			</FUNCPARAMLIST>
		</DESC>
	</BODY>
</ENVELOPE>
<ENVELOPE>
	<HEADER>
		<VERSION>1</VERSION>
		<TALLYREQUEST>Export</TALLYREQUEST>
		<TYPE>Collection</TYPE>
		<ID>Collection of Ledgers</ID>
	</HEADER>
	<BODY>
		<DESC>
			<STATICVARIABLES>
				<SVFROMDATE TYPE="Date">01-Jan-1970</SVFROMDATE>
				<SVTODATE TYPE="Date">01-Jan-1970</SVTODATE>
				<SVEXPORTFORMAT>$$SysName:XML</SVEXPORTFORMAT>
			</STATICVARIABLES>
			<TDL>
				<TDLMESSAGE>
					<COLLECTION NAME="Collection of Ledgers" ISMODIFY="No">
						<TYPE>Company</TYPE>
						<FETCH>GUID,ALTERID,MASTERID,GUID,NAME</FETCH>
						<FILTERS>CompanyNameFilter,GroupFilter</FILTERS>
					</COLLECTION>
					<SYSTEM TYPE="FORMULAE" NAME="CompanyNameFilter">$name =  "GST Dummy Co Pvt Ltd" </SYSTEM>
					<SYSTEM TYPE="FORMULAE" NAME="GroupFilter">$isaggregate =  "No" </SYSTEM>
				</TDLMESSAGE>
			</TDL>
		</DESC>
	</BODY>
</ENVELOPE>
<ENVELOPE>
	<HEADER>
		<VERSION>1</VERSION>
		<TALLYREQUEST>Export</TALLYREQUEST>
		<TYPE>Collection</TYPE>
		<ID>Collection of Ledgers</ID>
	</HEADER>
	<BODY>
		<DESC>
			<STATICVARIABLES>
				<SVCURRENTCOMPANY>GST Dummy Co Pvt Ltd</SVCURRENTCOMPANY>
				<SVFROMDATE TYPE="Date">01-Apr-2017</SVFROMDATE>
				<SVTODATE TYPE="Date">02-Sep-2017</SVTODATE>
				<SVEXPORTFORMAT>$$SysName:XML</SVEXPORTFORMAT>
			</STATICVARIABLES>
			<TDL>
				<TDLMESSAGE>
					<COLLECTION NAME="Collection of Ledgers" ISMODIFY="No">
						<TYPE>StockItem</TYPE>
						<FETCH>GUID,ALTERID,MASTERID,NAME,GUID,PARENT,CATEGORY,OPENINGBALANCE,OPENINGVALUE,CLOSINGBALANCE,CLOSINGVALUE,BASEUNITS,ADDITIONALUNITS,DENOMINATOR,CONVERSION,BATCHALLOCATIONS.LIST,LASTSALEDATE,GSTDETAILS.LIST,GSTAPPLICABLE,LANGUAGENAME.LIST,MAILINGNAME.LIST,REORDERBASE,MINIMUMORDERBASE,FULLPRICELIST.LIST,STANDARDCOSTLIST.LIST,STANDARDPRICELIST.LIST,DESCRIPTION,IGNOREPHYSICALDIFFERENCE,COSTINGMETHOD,VALUATIONMETHOD,ISCOSTCENTRESON,ISPERISHABLEON,MRPDETAILS.LIST,VATDETAILS.LIST,VATAPPLICABLE,REORDERASHIGHER,MINORDERASHIGHE,GSTTYPEOFSUPPLY</FETCH>
						<FILTERS>AlterId</FILTERS>
					</COLLECTION>
					<SYSTEM TYPE="FORMULAE" NAME="AlterId">$alterid &gt; 697 AND $alterid &lt;= 698</SYSTEM>
				</TDLMESSAGE>
			</TDL>
		</DESC>
	</BODY>
</ENVELOPE>
<ENVELOPE>
	<HEADER>
		<VERSION>1</VERSION>
		<TALLYREQUEST>Export</TALLYREQUEST>
		<TYPE>Function</TYPE>
		<ID>$$LicenseInfo</ID>
	</HEADER>
	<BODY>
		<DESC>
			<FUNCPARAMLIST>
				<PARAM>Serial Number</PARAM>
			</FUNCPARAMLIST>
		</DESC>
	</BODY>
</ENVELOPE>
<ENVELOPE>
	<HEADER>
		<VERSION>1</VERSION>
		<TALLYREQUEST>Export</TALLYREQUEST>
		<TYPE>Function</TYPE>
		<ID>$$ProdInfo</ID>
	</HEADER>
	<BODY>
		<DESC>
			<FUNCPARAMLIST>
				<PARAM>Prod Build Number</PARAM>
			</FUNCPARAMLIST>
		</DESC>
	</BODY>
</ENVELOPE>
<ENVELOPE>
	<HEADER>
		<VERSION>1</VERSION>
		<TALLYREQUEST>Export</TALLYREQUEST>
		<TYPE>Function</TYPE>
		<ID>$$LicenseInfo</ID>
	</HEADER>
	<BODY>
		<DESC>
			<FUNCPARAMLIST>
				<PARAM>Serial Number</PARAM>
			</FUNCPARAMLIST>
		</DESC>
	</BODY>
</ENVELOPE>
<ENVELOPE>
	<HEADER>
		<VERSION>1</VERSION>
		<TALLYREQUEST>Export</TALLYREQUEST>
		<TYPE>Function</TYPE>
		<ID>$$LicenseInfo</ID>
	</HEADER>
	<BODY>
		<DESC>
			<FUNCPARAMLIST>
				<PARAM>Serial Number</PARAM>
			</FUNCPARAMLIST>
		</DESC>
	</BODY>
</ENVELOPE>
<ENVELOPE>
	<HEADER>
		<VERSION>1</VERSION>
		<TALLYREQUEST>Export</TALLYREQUEST>
		<TYPE>Function</TYPE>
		<ID>$$LicenseInfo</ID>
	</HEADER>
	<BODY>
		<DESC>
			<FUNCPARAMLIST>
				<PARAM>Serial Number</PARAM>
			</FUNCPARAMLIST>
		</DESC>
	</BODY>
</ENVELOPE>
<ENVELOPE>
	<HEADER>
		<VERSION>1</VERSION>
		<TALLYREQUEST>Export</TALLYREQUEST>
		<TYPE>Collection</TYPE>
		<ID>Collection of Ledgers</ID>
	</HEADER>
	<BODY>
		<DESC>
			<STATICVARIABLES>
				<SVFROMDATE TYPE="Date">01-Jan-1970</SVFROMDATE>
				<SVTODATE TYPE="Date">01-Jan-1970</SVTODATE>
				<SVEXPORTFORMAT>$$SysName:XML</SVEXPORTFORMAT>
			</STATICVARIABLES>
			<TDL>
				<TDLMESSAGE>
					<COLLECTION NAME="Collection of Ledgers" ISMODIFY="No">
						<TYPE>Company</TYPE>
						<FETCH>GUID,ALTERID,MASTERID,GUID,NAME</FETCH>
						<FILTERS>CompanyNameFilter,GroupFilter</FILTERS>
					</COLLECTION>
					<SYSTEM TYPE="FORMULAE" NAME="CompanyNameFilter">$name =  "GST Dummy Co Pvt Ltd" </SYSTEM>
					<SYSTEM TYPE="FORMULAE" NAME="GroupFilter">$isaggregate =  "No" </SYSTEM>
				</TDLMESSAGE>
			</TDL>
		</DESC>
	</BODY>
</ENVELOPE>
<ENVELOPE>
	<HEADER>
		<VERSION>1</VERSION>
		<TALLYREQUEST>Export</TALLYREQUEST>
		<TYPE>Collection</TYPE>
		<ID>Collection of Ledgers</ID>
	</HEADER>
	<BODY>
		<DESC>
			<STATICVARIABLES>
				<SVCURRENTCOMPANY>GST Dummy Co Pvt Ltd</SVCURRENTCOMPANY>
				<SVFROMDATE TYPE="Date">01-Apr-2017</SVFROMDATE>
				<SVTODATE TYPE="Date">02-Sep-2017</SVTODATE>
				<SVEXPORTFORMAT>$$SysName:XML</SVEXPORTFORMAT>
			</STATICVARIABLES>
			<TDL>
				<TDLMESSAGE>
					<COLLECTION NAME="Collection of Ledgers" ISMODIFY="No">
						<TYPE>GstClassification</TYPE>
						<FETCH>GUID,ALTERID,MASTERID,GUID,NAME,RESERVEDNAME,ISACTIVE,GSTDETAILS.LIST</FETCH>
						<FILTERS>AlterId</FILTERS>
					</COLLECTION>
					<SYSTEM TYPE="FORMULAE" NAME="AlterId">$alterid &gt; 697 AND $alterid &lt;= 698</SYSTEM>
				</TDLMESSAGE>
			</TDL>
		</DESC>
	</BODY>
</ENVELOPE>
<ENVELOPE>
	<HEADER>
		<VERSION>1</VERSION>
		<TALLYREQUEST>Export</TALLYREQUEST>
		<TYPE>Function</TYPE>
		<ID>$$LicenseInfo</ID>
	</HEADER>
	<BODY>
		<DESC>
			<FUNCPARAMLIST>
				<PARAM>Serial Number</PARAM>
			</FUNCPARAMLIST>
		</DESC>
	</BODY>
</ENVELOPE>
<ENVELOPE>
	<HEADER>
		<VERSION>1</VERSION>
		<TALLYREQUEST>Export</TALLYREQUEST>
		<TYPE>Function</TYPE>
		<ID>$$LicenseInfo</ID>
	</HEADER>
	<BODY>
		<DESC>
			<FUNCPARAMLIST>
				<PARAM>Serial Number</PARAM>
			</FUNCPARAMLIST>
		</DESC>
	</BODY>
</ENVELOPE>
<ENVELOPE>
	<HEADER>
		<VERSION>1</VERSION>
		<TALLYREQUEST>Export</TALLYREQUEST>
		<TYPE>Function</TYPE>
		<ID>$$LicenseInfo</ID>
	</HEADER>
	<BODY>
		<DESC>
			<FUNCPARAMLIST>
				<PARAM>Serial Number</PARAM>
			</FUNCPARAMLIST>
		</DESC>
	</BODY>
</ENVELOPE>
<ENVELOPE>
	<HEADER>
		<VERSION>1</VERSION>
		<TALLYREQUEST>Export</TALLYREQUEST>
		<TYPE>Collection</TYPE>
		<ID>Collection of Ledgers</ID>
	</HEADER>
	<BODY>
		<DESC>
			<STATICVARIABLES>
				<SVFROMDATE TYPE="Date">01-Jan-1970</SVFROMDATE>
				<SVTODATE TYPE="Date">01-Jan-1970</SVTODATE>
				<SVEXPORTFORMAT>$$SysName:XML</SVEXPORTFORMAT>
			</STATICVARIABLES>
			<TDL>
				<TDLMESSAGE>
					<COLLECTION NAME="Collection of Ledgers" ISMODIFY="No">
						<TYPE>Company</TYPE>
						<FETCH>GUID,ALTERID,MASTERID,GUID,NAME</FETCH>
						<FILTERS>CompanyNameFilter,GroupFilter</FILTERS>
					</COLLECTION>
					<SYSTEM TYPE="FORMULAE" NAME="CompanyNameFilter">$name =  "GST Dummy Co Pvt Ltd" </SYSTEM>
					<SYSTEM TYPE="FORMULAE" NAME="GroupFilter">$isaggregate =  "No" </SYSTEM>
				</TDLMESSAGE>
			</TDL>
		</DESC>
	</BODY>
</ENVELOPE>
<ENVELOPE>
	<HEADER>
		<VERSION>1</VERSION>
		<TALLYREQUEST>Export</TALLYREQUEST>
		<TYPE>Collection</TYPE>
		<ID>Collection of Ledgers</ID>
	</HEADER>
	<BODY>
		<DESC>
			<STATICVARIABLES>
				<SVCURRENTCOMPANY>GST Dummy Co Pvt Ltd</SVCURRENTCOMPANY>
				<SVFROMDATE TYPE="Date">01-Apr-2017</SVFROMDATE>
				<SVTODATE TYPE="Date">02-Sep-2017</SVTODATE>
				<SVEXPORTFORMAT>$$SysName:XML</SVEXPORTFORMAT>
			</STATICVARIABLES>
			<TDL>
				<TDLMESSAGE>
					<COLLECTION NAME="Collection of Ledgers" ISMODIFY="No">
						<TYPE>TdsRate</TYPE>
						<FETCH>GUID,ALTERID,MASTERID,GUID,NAME,RESERVEDNAME,ISACTIVE,CATEGORYDETAILS.LIST</FETCH>
						<FILTERS>AlterId</FILTERS>
					</COLLECTION>
					<SYSTEM TYPE="FORMULAE" NAME="AlterId">$alterid &gt; 697 AND $alterid &lt;= 698</SYSTEM>
				</TDLMESSAGE>
			</TDL>
		</DESC>
	</BODY>
</ENVELOPE>
<ENVELOPE>
	<HEADER>
		<VERSION>1</VERSION>
		<TALLYREQUEST>Export</TALLYREQUEST>
		<TYPE>Function</TYPE>
		<ID>$$LicenseInfo</ID>
	</HEADER>
	<BODY>
		<DESC>
			<FUNCPARAMLIST>
				<PARAM>Serial Number</PARAM>
			</FUNCPARAMLIST>
		</DESC>
	</BODY>
</ENVELOPE>
<ENVELOPE>
	<HEADER>
		<VERSION>1</VERSION>
		<TALLYREQUEST>Export</TALLYREQUEST>
		<TYPE>Function</TYPE>
		<ID>$$LicenseInfo</ID>
	</HEADER>
	<BODY>
		<DESC>
			<FUNCPARAMLIST>
				<PARAM>Serial Number</PARAM>
			</FUNCPARAMLIST>
		</DESC>
	</BODY>
</ENVELOPE>
<ENVELOPE>
	<HEADER>
		<VERSION>1</VERSION>
		<TALLYREQUEST>Export</TALLYREQUEST>
		<TYPE>Function</TYPE>
		<ID>$$LicenseInfo</ID>
	</HEADER>
	<BODY>
		<DESC>
			<FUNCPARAMLIST>
				<PARAM>Serial Number</PARAM>
			</FUNCPARAMLIST>
		</DESC>
	</BODY>
</ENVELOPE>
<ENVELOPE>
	<HEADER>
		<VERSION>1</VERSION>
		<TALLYREQUEST>Export</TALLYREQUEST>
		<TYPE>Collection</TYPE>
		<ID>Collection of Ledgers</ID>
	</HEADER>
	<BODY>
		<DESC>
			<STATICVARIABLES>
				<SVFROMDATE TYPE="Date">01-Jan-1970</SVFROMDATE>
				<SVTODATE TYPE="Date">01-Jan-1970</SVTODATE>
				<SVEXPORTFORMAT>$$SysName:XML</SVEXPORTFORMAT>
			</STATICVARIABLES>
			<TDL>
				<TDLMESSAGE>
					<COLLECTION NAME="Collection of Ledgers" ISMODIFY="No">
						<TYPE>Company</TYPE>
						<FETCH>GUID,ALTERID,MASTERID,GUID,NAME</FETCH>
						<FILTERS>CompanyNameFilter,GroupFilter</FILTERS>
					</COLLECTION>
					<SYSTEM TYPE="FORMULAE" NAME="CompanyNameFilter">$name =  "GST Dummy Co Pvt Ltd" </SYSTEM>
					<SYSTEM TYPE="FORMULAE" NAME="GroupFilter">$isaggregate =  "No" </SYSTEM>
				</TDLMESSAGE>
			</TDL>
		</DESC>
	</BODY>
</ENVELOPE>
<ENVELOPE>
	<HEADER>
		<VERSION>1</VERSION>
		<TALLYREQUEST>Export</TALLYREQUEST>
		<TYPE>Collection</TYPE>
		<ID>Collection of Ledgers</ID>
	</HEADER>
	<BODY>
		<DESC>
			<STATICVARIABLES>
				<SVCURRENTCOMPANY>GST Dummy Co Pvt Ltd</SVCURRENTCOMPANY>
				<SVFROMDATE TYPE="Date">01-Apr-2017</SVFROMDATE>
				<SVTODATE TYPE="Date">02-Sep-2017</SVTODATE>
				<SVEXPORTFORMAT>$$SysName:XML</SVEXPORTFORMAT>
			</STATICVARIABLES>
			<TDL>
				<TDLMESSAGE>
					<COLLECTION NAME="Collection of Ledgers" ISMODIFY="No">
						<TYPE>Ledger</TYPE>
						<FETCH>GUID,ALTERID,MASTERID,NAME,GUID,PARENT,LANGUAGENAME.LIST,ADDRESS.LIST,STATENAME,COUNTRYNAME,PINCODE,EMAIL,EMAILCC,LEDGERPHONE,LEDGERMOBILE,LEDGERCONTACT,LEDSTATENAME,OPENINGBALANCE,BILLALLOCATIONS.LIST,GSTREGISTRATIONTYPE,VATTINNUMBER,INTERSTATESTNUMBER,EXCISEREGNO,PARTYGSTIN,GSTDUTYHEAD,GSTDETAILS.LIST,GSTAPPROPRIATETO,TAXTYPE,GSTAPPLICABLE,APPROPRIATEFOR,GSTNATUREOFSUPPLY,GSTTYPEOFSUPPLY,RATEOFTAXCALCULATION,ISBILLWISEON,BILLCREDITPERIOD,CREDITLIMIT,PERFORMANCE,BANKDETAILS,BANKBRANCHNAME,BRANCHNAME,BANKACCHOLDERNAME,BANKBSRCODE,IFSCODE,BRANCHCODE,BANKINGCONFIGBANK,DESCRIPTION,PRICELEVEL,ROUNDINGMETHOD,ROUNDINGLIMIT,EXCISEALLOCTYPE</FETCH>
						<FILTERS>AlterId</FILTERS>
					</COLLECTION>
					<SYSTEM TYPE="FORMULAE" NAME="AlterId">$alterid &gt; 697 AND $alterid &lt;= 698</SYSTEM>
				</TDLMESSAGE>
			</TDL>
		</DESC>
	</BODY>
</ENVELOPE>
<ENVELOPE>
	<HEADER>
		<VERSION>1</VERSION>
		<TALLYREQUEST>Export</TALLYREQUEST>
		<TYPE>Function</TYPE>
		<ID>$$LicenseInfo</ID>
	</HEADER>
	<BODY>
		<DESC>
			<FUNCPARAMLIST>
				<PARAM>Serial Number</PARAM>
			</FUNCPARAMLIST>
		</DESC>
	</BODY>
</ENVELOPE>
<ENVELOPE>
	<HEADER>
		<VERSION>1</VERSION>
		<TALLYREQUEST>Export</TALLYREQUEST>
		<TYPE>Function</TYPE>
		<ID>$$LicenseInfo</ID>
	</HEADER>
	<BODY>
		<DESC>
			<FUNCPARAMLIST>
				<PARAM>Serial Number</PARAM>
			</FUNCPARAMLIST>
		</DESC>
	</BODY>
</ENVELOPE>
<ENVELOPE>
	<HEADER>
		<VERSION>1</VERSION>
		<TALLYREQUEST>Export</TALLYREQUEST>
		<TYPE>Function</TYPE>
		<ID>$$LicenseInfo</ID>
	</HEADER>
	<BODY>
		<DESC>
			<FUNCPARAMLIST>
				<PARAM>Serial Number</PARAM>
			</FUNCPARAMLIST>
		</DESC>
	</BODY>
</ENVELOPE>
<ENVELOPE>
	<HEADER>
		<VERSION>1</VERSION>
		<TALLYREQUEST>Export</TALLYREQUEST>
		<TYPE>Function</TYPE>
		<ID>$$LicenseInfo</ID>
	</HEADER>
	<BODY>
		<DESC>
			<FUNCPARAMLIST>
				<PARAM>Serial Number</PARAM>
			</FUNCPARAMLIST>
		</DESC>
	</BODY>
</ENVELOPE>
<ENVELOPE>
	<HEADER>
		<VERSION>1</VERSION>
		<TALLYREQUEST>Export</TALLYREQUEST>
		<TYPE>Function</TYPE>
		<ID>$$LicenseInfo</ID>
	</HEADER>
	<BODY>
		<DESC>
			<FUNCPARAMLIST>
				<PARAM>Serial Number</PARAM>
			</FUNCPARAMLIST>
		</DESC>
	</BODY>
</ENVELOPE>
<ENVELOPE>
	<HEADER>
		<VERSION>1</VERSION>
		<TALLYREQUEST>Export</TALLYREQUEST>
		<TYPE>Function</TYPE>
		<ID>$$LicenseInfo</ID>
	</HEADER>
	<BODY>
		<DESC>
			<FUNCPARAMLIST>
				<PARAM>Serial Number</PARAM>
			</FUNCPARAMLIST>
		</DESC>
	</BODY>
</ENVELOPE>
<ENVELOPE>
	<HEADER>
		<VERSION>1</VERSION>
		<TALLYREQUEST>Export</TALLYREQUEST>
		<TYPE>Function</TYPE>
		<ID>$$LicenseInfo</ID>
	</HEADER>
	<BODY>
		<DESC>
			<FUNCPARAMLIST>
				<PARAM>Serial Number</PARAM>
			</FUNCPARAMLIST>
		</DESC>
	</BODY>
</ENVELOPE>
<ENVELOPE>
	<HEADER>
		<VERSION>1</VERSION>
		<TALLYREQUEST>Export</TALLYREQUEST>
		<TYPE>Collection</TYPE>
		<ID>Collection of Ledgers</ID>
	</HEADER>
	<BODY>
		<DESC>
			<STATICVARIABLES>
				<SVFROMDATE TYPE="Date">01-Jan-1970</SVFROMDATE>
				<SVTODATE TYPE="Date">01-Jan-1970</SVTODATE>
				<SVEXPORTFORMAT>$$SysName:XML</SVEXPORTFORMAT>
			</STATICVARIABLES>
			<TDL>
				<TDLMESSAGE>
					<COLLECTION NAME="Collection of Ledgers" ISMODIFY="No">
						<TYPE>Company</TYPE>
						<FETCH>GUID,ALTERID,MASTERID,GUID,NAME,STATE,STARTINGFROM,BOOKSFROM,ENDINGAT,LASTVOUCHERDATE,CMPVCHID,ALTVCHID,ALTMSTID,ISAGGREGATE,BASICCOMPANYFORMALNAME,COMPANYCHEQUENAME,COMPANYCONTACTPERSON,COMPANYCONTACTNUMBER,EMAIL,WEBSITE,PHONENUMBER,CMPMOBNO,MOBILENO,_ADDRESS1,_ADDRESS2,_ADDRESS3,_ADDRESS4,_ADDRESS5,STATENAME,PINCODE,COUNTRYNAME,VATTINNUMBER,CORPORATEIDENTITYNO,UDF:CORPORATEIDENTITYNO,INTERSTATESTNUMBER,TANUMBER,STREGNUMBER,CMPPFCODE,INCOMETAXNUMBER,GSTREGISTRATIONTYPE,GSTAPPLICABLEDATE,ISGSTCESSON,GSTDETAILS.LIST,DESTINATION</FETCH>
						<FILTERS>GroupFilter</FILTERS>
					</COLLECTION>
					<SYSTEM TYPE="FORMULAE" NAME="GroupFilter">$isaggregate =  "No" </SYSTEM>
				</TDLMESSAGE>
			</TDL>
		</DESC>
	</BODY>
</ENVELOPE>
<ENVELOPE>
	<HEADER>
		<VERSION>1</VERSION>
		<TALLYREQUEST>Export</TALLYREQUEST>
		<TYPE>Function</TYPE>
		<ID>$$LicenseInfo</ID>
	</HEADER>
	<BODY>
		<DESC>
			<FUNCPARAMLIST>
				<PARAM>Serial Number</PARAM>
			</FUNCPARAMLIST>
		</DESC>
	</BODY>
</ENVELOPE>
<ENVELOPE>
	<HEADER>
		<VERSION>1</VERSION>
		<TALLYREQUEST>Export</TALLYREQUEST>
		<TYPE>Function</TYPE>
		<ID>$$ProdInfo</ID>
	</HEADER>
	<BODY>
		<DESC>
			<FUNCPARAMLIST>
				<PARAM>Prod Build Number</PARAM>
			</FUNCPARAMLIST>
		</DESC>
	</BODY>
</ENVELOPE>
<ENVELOPE>
	<HEADER>
		<VERSION>1</VERSION>
		<TALLYREQUEST>Export</TALLYREQUEST>
		<TYPE>Function</TYPE>
		<ID>$$LicenseInfo</ID>
	</HEADER>
	<BODY>
		<DESC>
			<FUNCPARAMLIST>
				<PARAM>Serial Number</PARAM>
			</FUNCPARAMLIST>
		</DESC>
	</BODY>
</ENVELOPE>
<ENVELOPE>
	<HEADER>
		<VERSION>1</VERSION>
		<TALLYREQUEST>EXPORT</TALLYREQUEST>
		<TYPE>Collection</TYPE>
		<ID>TestTestGstDetSum</ID>
	</HEADER>
	<BODY>
		<DESC>
			<STATICVARIABLES>
				<SVEXPORTFORMAT>$$SysName:XML</SVEXPORTFORMAT>
				<SVCURRENTCOMPANY>GST Dummy Co Pvt Ltd</SVCURRENTCOMPANY>
			</STATICVARIABLES>
			<TDL>
				<TDLMESSAGE>
					<COLLECTION NAME="TestTestGstDetSum" ISMODIFY="No">
						<TYPE>TaxUnit</TYPE>
						<WALK>GSTDetails</WALK>
						<COMPUTE>AppFrom:$ApplicableFrom</COMPUTE>
						<COMPUTE>EInvAppl:$IsGSTeInvApplicable</COMPUTE>
						<COMPUTE>EInvApplFrom:$GSTeInvApplicableDate</COMPUTE>
						<COMPUTE> GSTeInvBillFromPlace: $GSTeInvBillFromPlace </COMPUTE>
						<COMPUTE> GSTeInvReportPeriod:$GSTeInvReportPeriod </COMPUTE>
						<COMPUTE> IsGSTeInvInclEWayBill:$IsGSTeInvInclEWayBill </COMPUTE>
					</COLLECTION>
				</TDLMESSAGE>
			</TDL>
		</DESC>
	</BODY>
</ENVELOPE>
<ENVELOPE>
	<HEADER>
		<VERSION>1</VERSION>
		<TALLYREQUEST>Export</TALLYREQUEST>
		<TYPE>Function</TYPE>
		<ID>$$LicenseInfo</ID>
	</HEADER>
	<BODY>
		<DESC>
			<FUNCPARAMLIST>
				<PARAM>Serial Number</PARAM>
			</FUNCPARAMLIST>
		</DESC>
	</BODY>
</ENVELOPE>
<ENVELOPE>
	<HEADER>
		<VERSION>1</VERSION>
		<TALLYREQUEST>Export</TALLYREQUEST>
		<TYPE>Function</TYPE>
		<ID>$$LicenseInfo</ID>
	</HEADER>
	<BODY>
		<DESC>
			<FUNCPARAMLIST>
				<PARAM>Serial Number</PARAM>
			</FUNCPARAMLIST>
		</DESC>
	</BODY>
</ENVELOPE>
<ENVELOPE>
	<HEADER>
		<VERSION>1</VERSION>
		<TALLYREQUEST>Export</TALLYREQUEST>
		<TYPE>Collection</TYPE>
		<ID>Collection of Ledgers</ID>
	</HEADER>
	<BODY>
		<DESC>
			<STATICVARIABLES>
				<SVFROMDATE TYPE="Date">01-Jan-1970</SVFROMDATE>
				<SVTODATE TYPE="Date">01-Jan-1970</SVTODATE>
				<SVEXPORTFORMAT>$$SysName:XML</SVEXPORTFORMAT>
			</STATICVARIABLES>
			<TDL>
				<TDLMESSAGE>
					<COLLECTION NAME="Collection of Ledgers" ISMODIFY="No">
						<TYPE>Company</TYPE>
						<FETCH>GUID,ALTERID,MASTERID,GUID,NAME</FETCH>
						<FILTERS>CompanyNameFilter,GroupFilter</FILTERS>
					</COLLECTION>
					<SYSTEM TYPE="FORMULAE" NAME="CompanyNameFilter">$name =  "GST Dummy Co Pvt Ltd" </SYSTEM>
					<SYSTEM TYPE="FORMULAE" NAME="GroupFilter">$isaggregate =  "No" </SYSTEM>
				</TDLMESSAGE>
			</TDL>
		</DESC>
	</BODY>
</ENVELOPE>
<ENVELOPE>
	<HEADER>
		<VERSION>1</VERSION>
		<TALLYREQUEST>Export</TALLYREQUEST>
		<TYPE>Function</TYPE>
		<ID>$$LicenseInfo</ID>
	</HEADER>
	<BODY>
		<DESC>
			<FUNCPARAMLIST>
				<PARAM>Serial Number</PARAM>
			</FUNCPARAMLIST>
		</DESC>
	</BODY>
</ENVELOPE>
<ENVELOPE>
	<HEADER>
		<VERSION>1</VERSION>
		<TALLYREQUEST>Export</TALLYREQUEST>
		<TYPE>Collection</TYPE>
		<ID>Collection of Ledgers</ID>
	</HEADER>
	<BODY>
		<DESC>
			<STATICVARIABLES>
				<SVFROMDATE TYPE="Date">01-Jan-1970</SVFROMDATE>
				<SVTODATE TYPE="Date">01-Jan-1970</SVTODATE>
				<SVEXPORTFORMAT>$$SysName:XML</SVEXPORTFORMAT>
			</STATICVARIABLES>
			<TDL>
				<TDLMESSAGE>
					<COLLECTION NAME="Collection of Ledgers" ISMODIFY="No">
						<TYPE>Company</TYPE>
						<FETCH>GUID,ALTERID,MASTERID,GUID,NAME,STATE,STARTINGFROM,BOOKSFROM,ENDINGAT,LASTVOUCHERDATE,CMPVCHID,ALTVCHID,ALTMSTID,ISAGGREGATE,BASICCOMPANYFORMALNAME,COMPANYCHEQUENAME,COMPANYCONTACTPERSON,COMPANYCONTACTNUMBER,EMAIL,WEBSITE,PHONENUMBER,CMPMOBNO,MOBILENO,_ADDRESS1,_ADDRESS2,_ADDRESS3,_ADDRESS4,_ADDRESS5,STATENAME,PINCODE,COUNTRYNAME,VATTINNUMBER,CORPORATEIDENTITYNO,UDF:CORPORATEIDENTITYNO,INTERSTATESTNUMBER,TANUMBER,STREGNUMBER,CMPPFCODE,INCOMETAXNUMBER,GSTREGISTRATIONTYPE,GSTAPPLICABLEDATE,ISGSTCESSON,GSTDETAILS.LIST,DESTINATION</FETCH>
						<FILTERS>CompanyNameFilter,GroupFilter</FILTERS>
					</COLLECTION>
					<SYSTEM TYPE="FORMULAE" NAME="CompanyNameFilter">$name =  "GST Dummy Co Pvt Ltd" </SYSTEM>
					<SYSTEM TYPE="FORMULAE" NAME="GroupFilter">$isaggregate =  "No" </SYSTEM>
				</TDLMESSAGE>
			</TDL>
		</DESC>
	</BODY>
</ENVELOPE>
<ENVELOPE>
	<HEADER>
		<VERSION>1</VERSION>
		<TALLYREQUEST>Export</TALLYREQUEST>
		<TYPE>Function</TYPE>
		<ID>$$LicenseInfo</ID>
	</HEADER>
	<BODY>
		<DESC>
			<FUNCPARAMLIST>
				<PARAM>Serial Number</PARAM>
			</FUNCPARAMLIST>
		</DESC>
	</BODY>
</ENVELOPE>
<ENVELOPE>
	<HEADER>
		<VERSION>1</VERSION>
		<TALLYREQUEST>Export</TALLYREQUEST>
		<TYPE>Function</TYPE>
		<ID>$$ProdInfo</ID>
	</HEADER>
	<BODY>
		<DESC>
			<FUNCPARAMLIST>
				<PARAM>Prod Build Number</PARAM>
			</FUNCPARAMLIST>
		</DESC>
	</BODY>
</ENVELOPE>
<ENVELOPE>
	<HEADER>
		<VERSION>1</VERSION>
		<TALLYREQUEST>Export</TALLYREQUEST>
		<TYPE>Function</TYPE>
		<ID>$$LicenseInfo</ID>
	</HEADER>
	<BODY>
		<DESC>
			<FUNCPARAMLIST>
				<PARAM>Serial Number</PARAM>
			</FUNCPARAMLIST>
		</DESC>
	</BODY>
</ENVELOPE>
<ENVELOPE>
	<HEADER>
		<VERSION>1</VERSION>
		<TALLYREQUEST>EXPORT</TALLYREQUEST>
		<TYPE>Collection</TYPE>
		<ID>TestTestGstDetSum</ID>
	</HEADER>
	<BODY>
		<DESC>
			<STATICVARIABLES>
				<SVEXPORTFORMAT>$$SysName:XML</SVEXPORTFORMAT>
				<SVCURRENTCOMPANY>GST Dummy Co Pvt Ltd</SVCURRENTCOMPANY>
			</STATICVARIABLES>
			<TDL>
				<TDLMESSAGE>
					<COLLECTION NAME="TestTestGstDetSum" ISMODIFY="No">
						<TYPE>TaxUnit</TYPE>
						<WALK>GSTDetails</WALK>
						<COMPUTE>AppFrom:$ApplicableFrom</COMPUTE>
						<COMPUTE>EInvAppl:$IsGSTeInvApplicable</COMPUTE>
						<COMPUTE>EInvApplFrom:$GSTeInvApplicableDate</COMPUTE>
						<COMPUTE> GSTeInvBillFromPlace: $GSTeInvBillFromPlace </COMPUTE>
						<COMPUTE> GSTeInvReportPeriod:$GSTeInvReportPeriod </COMPUTE>
						<COMPUTE> IsGSTeInvInclEWayBill:$IsGSTeInvInclEWayBill </COMPUTE>
					</COLLECTION>
				</TDLMESSAGE>
			</TDL>
		</DESC>
	</BODY>
</ENVELOPE>
<ENVELOPE>
	<HEADER>
		<VERSION>1</VERSION>
		<TALLYREQUEST>Export</TALLYREQUEST>
		<TYPE>Function</TYPE>
		<ID>$$LicenseInfo</ID>
	</HEADER>
	<BODY>
		<DESC>
			<FUNCPARAMLIST>
				<PARAM>Serial Number</PARAM>
			</FUNCPARAMLIST>
		</DESC>
	</BODY>
</ENVELOPE>
<?xml version="1.0" encoding="UTF-8"?>
<ENVELOPE>
	<HEADER>
		<VERSION>1</VERSION>
		<TALLYREQUEST>Import</TALLYREQUEST>
		<TYPE>Data</TYPE>
		<ID>Vouchers</ID>
	</HEADER>
	<BODY>
		<DESC>
			<STATICVARIABLES>
				<SVCURRENTCOMPANY>GST Dummy Co Pvt Ltd</SVCURRENTCOMPANY>
			</STATICVARIABLES>
		</DESC>
		<DATA>
			<TALLYMESSAGE>
				<VOUCHER>
					<DATE>20230419</DATE>
					<ISOPTIONAL>Yes</ISOPTIONAL>
					<PERSISTEDVIEW>Invoice Voucher View</PERSISTEDVIEW>
					<NARRATION>Created by Hussain H</NARRATION>
					<PARTYNAME>Bejon Packing Ltd</PARTYNAME>
					<VOUCHERTYPENAME>Purchase Order</VOUCHERTYPENAME>
					<PARTYGSTIN>45646546546</PARTYGSTIN>
					<REFERENCE>0</REFERENCE>
					<PARTYLEDGERNAME>Bejon Packing Ltd</PARTYLEDGERNAME>
					<BASICBASEPARTYNAME>Bejon Packing Ltd</BASICBASEPARTYNAME>
					<BASICBUYERNAME>Bejon Packing Ltd</BASICBUYERNAME>
					<VCHGSTCLASS/>
					<LEDGERENTRIES.LIST>
						<LEDGERNAME>Bejon Packing Ltd</LEDGERNAME>
						<ISDEEMEDPOSITIVE>No</ISDEEMEDPOSITIVE>
						<ISLASTDEEMEDPOSITIVE>No</ISLASTDEEMEDPOSITIVE>
						<AMOUNT>1593000</AMOUNT>
						<LEDGERFROMITEM>No</LEDGERFROMITEM>
						<ISPARTYLEDGER>Yes</ISPARTYLEDGER>
					</LEDGERENTRIES.LIST>
					<LEDGERENTRIES.LIST>
						<LEDGERNAME>Output UGST Payable @ 5%</LEDGERNAME>
						<GSTCLASS/>
						<ISDEEMEDPOSITIVE>Yes</ISDEEMEDPOSITIVE>
						<AMOUNT>-243000</AMOUNT>
						<VATEXPAMOUNT>-243000</VATEXPAMOUNT>
						<ISPARTYLEDGER>No</ISPARTYLEDGER>
					</LEDGERENTRIES.LIST>
					<ALLINVENTORYENTRIES.LIST>
						<STOCKITEMNAME>Billet</STOCKITEMNAME>
						<ISDEEMEDPOSITIVE>Yes</ISDEEMEDPOSITIVE>
						<ISLASTDEEMEDPOSITIVE>Yes</ISLASTDEEMEDPOSITIVE>
						<AMOUNT>-1350000</AMOUNT>
						<RATE>27000/MT</RATE>
						<INCLVATRATE>0/MT</INCLVATRATE>
						<ACTUALQTY>50 MT</ACTUALQTY>
						<BILLEDQTY>50 MT</BILLEDQTY>
						<BATCHALLOCATIONS.LIST>
							<GODOWNNAME>Main Location</GODOWNNAME>
							<ORDERNO>0</ORDERNO>
							<TRACKINGNUMBER/>
							<AMOUNT>-1350000</AMOUNT>
							<ACTUALQTY>50 MT</ACTUALQTY>
							<BILLEDQTY>50 MT</BILLEDQTY>
							<ORDERDUEDATE P="19-Apr-2023">19-Apr-2023</ORDERDUEDATE>
						</BATCHALLOCATIONS.LIST>
					</ALLINVENTORYENTRIES.LIST>
					<PARTYNAME>Bejon Packing Ltd</PARTYNAME>
					<PARTYGSTIN>45646546546</PARTYGSTIN>
					<STATENAME>Delhi</STATENAME>
					<COUNTRYOFRESIDENCE>India</COUNTRYOFRESIDENCE>
					<BASICBUYERNAME>Bejon Packing Ltd</BASICBUYERNAME>
					<CONSIGNEEGSTIN>45646546546</CONSIGNEEGSTIN>
					<CONSIGNEESTATENAME>Delhi</CONSIGNEESTATENAME>
				</VOUCHER>
			</TALLYMESSAGE>
		</DATA>
	</BODY>
</ENVELOPE>
<ENVELOPE>
	<HEADER>
		<VERSION>1</VERSION>
		<TALLYREQUEST>Export</TALLYREQUEST>
		<TYPE>Function</TYPE>
		<ID>$$LicenseInfo</ID>
	</HEADER>
	<BODY>
		<DESC>
			<FUNCPARAMLIST>
				<PARAM>Serial Number</PARAM>
			</FUNCPARAMLIST>
		</DESC>
	</BODY>
</ENVELOPE>
<ENVELOPE>
	<HEADER>
		<VERSION>1</VERSION>
		<TALLYREQUEST>Export</TALLYREQUEST>
		<TYPE>Function</TYPE>
		<ID>$$LicenseInfo</ID>
	</HEADER>
	<BODY>
		<DESC>
			<FUNCPARAMLIST>
				<PARAM>Serial Number</PARAM>
			</FUNCPARAMLIST>
		</DESC>
	</BODY>
</ENVELOPE>
<ENVELOPE>
	<HEADER>
		<VERSION>1</VERSION>
		<TALLYREQUEST>Export</TALLYREQUEST>
		<TYPE>Collection</TYPE>
		<ID>Collection of Ledgers</ID>
	</HEADER>
	<BODY>
		<DESC>
			<STATICVARIABLES>
				<SVFROMDATE TYPE="Date">01-Jan-1970</SVFROMDATE>
				<SVTODATE TYPE="Date">01-Jan-1970</SVTODATE>
				<SVEXPORTFORMAT>$$SysName:XML</SVEXPORTFORMAT>
			</STATICVARIABLES>
			<TDL>
				<TDLMESSAGE>
					<COLLECTION NAME="Collection of Ledgers" ISMODIFY="No">
						<TYPE>Company</TYPE>
						<FETCH>GUID,ALTERID,MASTERID,GUID,NAME</FETCH>
						<FILTERS>CompanyNameFilter,GroupFilter</FILTERS>
					</COLLECTION>
					<SYSTEM TYPE="FORMULAE" NAME="CompanyNameFilter">$name =  "GST Dummy Co Pvt Ltd" </SYSTEM>
					<SYSTEM TYPE="FORMULAE" NAME="GroupFilter">$isaggregate =  "No" </SYSTEM>
				</TDLMESSAGE>
			</TDL>
		</DESC>
	</BODY>
</ENVELOPE>
<ENVELOPE>
	<HEADER>
		<VERSION>1</VERSION>
		<TALLYREQUEST>Export</TALLYREQUEST>
		<TYPE>Function</TYPE>
		<ID>$$LicenseInfo</ID>
	</HEADER>
	<BODY>
		<DESC>
			<FUNCPARAMLIST>
				<PARAM>Serial Number</PARAM>
			</FUNCPARAMLIST>
		</DESC>
	</BODY>
</ENVELOPE>
<ENVELOPE>
	<HEADER>
		<VERSION>1</VERSION>
		<TALLYREQUEST>Export</TALLYREQUEST>
		<TYPE>Collection</TYPE>
		<ID>Collection of Ledgers</ID>
	</HEADER>
	<BODY>
		<DESC>
			<STATICVARIABLES>
				<SVFROMDATE TYPE="Date">01-Jan-1970</SVFROMDATE>
				<SVTODATE TYPE="Date">01-Jan-1970</SVTODATE>
				<SVEXPORTFORMAT>$$SysName:XML</SVEXPORTFORMAT>
			</STATICVARIABLES>
			<TDL>
				<TDLMESSAGE>
					<COLLECTION NAME="Collection of Ledgers" ISMODIFY="No">
						<TYPE>Company</TYPE>
						<FETCH>GUID,ALTERID,MASTERID,GUID,NAME,STATE,STARTINGFROM,BOOKSFROM,ENDINGAT,LASTVOUCHERDATE,CMPVCHID,ALTVCHID,ALTMSTID,ISAGGREGATE,BASICCOMPANYFORMALNAME,COMPANYCHEQUENAME,COMPANYCONTACTPERSON,COMPANYCONTACTNUMBER,EMAIL,WEBSITE,PHONENUMBER,CMPMOBNO,MOBILENO,_ADDRESS1,_ADDRESS2,_ADDRESS3,_ADDRESS4,_ADDRESS5,STATENAME,PINCODE,COUNTRYNAME,VATTINNUMBER,CORPORATEIDENTITYNO,UDF:CORPORATEIDENTITYNO,INTERSTATESTNUMBER,TANUMBER,STREGNUMBER,CMPPFCODE,INCOMETAXNUMBER,GSTREGISTRATIONTYPE,GSTAPPLICABLEDATE,ISGSTCESSON,GSTDETAILS.LIST,DESTINATION</FETCH>
						<FILTERS>CompanyNameFilter,GroupFilter</FILTERS>
					</COLLECTION>
					<SYSTEM TYPE="FORMULAE" NAME="CompanyNameFilter">$name =  "GST Dummy Co Pvt Ltd" </SYSTEM>
					<SYSTEM TYPE="FORMULAE" NAME="GroupFilter">$isaggregate =  "No" </SYSTEM>
				</TDLMESSAGE>
			</TDL>
		</DESC>
	</BODY>
</ENVELOPE>
<ENVELOPE>
	<HEADER>
		<VERSION>1</VERSION>
		<TALLYREQUEST>Export</TALLYREQUEST>
		<TYPE>Function</TYPE>
		<ID>$$LicenseInfo</ID>
	</HEADER>
	<BODY>
		<DESC>
			<FUNCPARAMLIST>
				<PARAM>Serial Number</PARAM>
			</FUNCPARAMLIST>
		</DESC>
	</BODY>
</ENVELOPE>
<ENVELOPE>
	<HEADER>
		<VERSION>1</VERSION>
		<TALLYREQUEST>Export</TALLYREQUEST>
		<TYPE>Function</TYPE>
		<ID>$$ProdInfo</ID>
	</HEADER>
	<BODY>
		<DESC>
			<FUNCPARAMLIST>
				<PARAM>Prod Build Number</PARAM>
			</FUNCPARAMLIST>
		</DESC>
	</BODY>
</ENVELOPE>
<ENVELOPE>
	<HEADER>
		<VERSION>1</VERSION>
		<TALLYREQUEST>Export</TALLYREQUEST>
		<TYPE>Function</TYPE>
		<ID>$$LicenseInfo</ID>
	</HEADER>
	<BODY>
		<DESC>
			<FUNCPARAMLIST>
				<PARAM>Serial Number</PARAM>
			</FUNCPARAMLIST>
		</DESC>
	</BODY>
</ENVELOPE>
<ENVELOPE>
	<HEADER>
		<VERSION>1</VERSION>
		<TALLYREQUEST>EXPORT</TALLYREQUEST>
		<TYPE>Collection</TYPE>
		<ID>TestTestGstDetSum</ID>
	</HEADER>
	<BODY>
		<DESC>
			<STATICVARIABLES>
				<SVEXPORTFORMAT>$$SysName:XML</SVEXPORTFORMAT>
				<SVCURRENTCOMPANY>GST Dummy Co Pvt Ltd</SVCURRENTCOMPANY>
			</STATICVARIABLES>
			<TDL>
				<TDLMESSAGE>
					<COLLECTION NAME="TestTestGstDetSum" ISMODIFY="No">
						<TYPE>TaxUnit</TYPE>
						<WALK>GSTDetails</WALK>
						<COMPUTE>AppFrom:$ApplicableFrom</COMPUTE>
						<COMPUTE>EInvAppl:$IsGSTeInvApplicable</COMPUTE>
						<COMPUTE>EInvApplFrom:$GSTeInvApplicableDate</COMPUTE>
						<COMPUTE> GSTeInvBillFromPlace: $GSTeInvBillFromPlace </COMPUTE>
						<COMPUTE> GSTeInvReportPeriod:$GSTeInvReportPeriod </COMPUTE>
						<COMPUTE> IsGSTeInvInclEWayBill:$IsGSTeInvInclEWayBill </COMPUTE>
					</COLLECTION>
				</TDLMESSAGE>
			</TDL>
		</DESC>
	</BODY>
</ENVELOPE>
<ENVELOPE>
	<HEADER>
		<VERSION>1</VERSION>
		<TALLYREQUEST>Export</TALLYREQUEST>
		<TYPE>Function</TYPE>
		<ID>$$LicenseInfo</ID>
	</HEADER>
	<BODY>
		<DESC>
			<FUNCPARAMLIST>
				<PARAM>Serial Number</PARAM>
			</FUNCPARAMLIST>
		</DESC>
	</BODY>
</ENVELOPE>
<?xml version="1.0" encoding="UTF-8"?>
<ENVELOPE>
	<HEADER>
		<VERSION>1</VERSION>
		<TALLYREQUEST>Import</TALLYREQUEST>
		<TYPE>Data</TYPE>
		<ID>Vouchers</ID>
	</HEADER>
	<BODY>
		<DESC>
			<STATICVARIABLES>
				<SVCURRENTCOMPANY>GST Dummy Co Pvt Ltd</SVCURRENTCOMPANY>
			</STATICVARIABLES>
		</DESC>
		<DATA>
			<TALLYMESSAGE>
				<VOUCHER>
					<DATE>20230419</DATE>
					<PERSISTEDVIEW>Accounting Voucher View</PERSISTEDVIEW>
					<NARRATION>Created by Hussain H</NARRATION>
					<VOUCHERTYPENAME>Payment</VOUCHERTYPENAME>
					<ALLLEDGERENTRIES.LIST>
						<LEDGERNAME>Cash</LEDGERNAME>
						<ISDEEMEDPOSITIVE>Yes</ISDEEMEDPOSITIVE>
						<AMOUNT>-5000</AMOUNT>
						<BILLALLOCATIONS.LIST>
							<BILLTYPE>On Account</BILLTYPE>
							<AMOUNT>-5000</AMOUNT>
						</BILLALLOCATIONS.LIST>
					</ALLLEDGERENTRIES.LIST>
					<ALLLEDGERENTRIES.LIST>
						<LEDGERNAME>Cash</LEDGERNAME>
						<ISDEEMEDPOSITIVE>No</ISDEEMEDPOSITIVE>
						<AMOUNT>5000</AMOUNT>
						<BANKALLOCATIONS.LIST>
							<TRANSACTIONTYPE>Cash</TRANSACTIONTYPE>
							<ISDEEMEDPOSITIVE>No</ISDEEMEDPOSITIVE>
							<AMOUNT>5000</AMOUNT>
						</BANKALLOCATIONS.LIST>
					</ALLLEDGERENTRIES.LIST>
				</VOUCHER>
			</TALLYMESSAGE>
		</DATA>
	</BODY>
</ENVELOPE>
<ENVELOPE>
	<HEADER>
		<VERSION>1</VERSION>
		<TALLYREQUEST>Export</TALLYREQUEST>
		<TYPE>Function</TYPE>
		<ID>$$LicenseInfo</ID>
	</HEADER>
	<BODY>
		<DESC>
			<FUNCPARAMLIST>
				<PARAM>Serial Number</PARAM>
			</FUNCPARAMLIST>
		</DESC>
	</BODY>
</ENVELOPE>
<ENVELOPE>
	<HEADER>
		<VERSION>1</VERSION>
		<TALLYREQUEST>Export</TALLYREQUEST>
		<TYPE>Function</TYPE>
		<ID>$$LicenseInfo</ID>
	</HEADER>
	<BODY>
		<DESC>
			<FUNCPARAMLIST>
				<PARAM>Serial Number</PARAM>
			</FUNCPARAMLIST>
		</DESC>
	</BODY>
</ENVELOPE>
<ENVELOPE>
	<HEADER>
		<VERSION>1</VERSION>
		<TALLYREQUEST>Export</TALLYREQUEST>
		<TYPE>Collection</TYPE>
		<ID>Collection of Ledgers</ID>
	</HEADER>
	<BODY>
		<DESC>
			<STATICVARIABLES>
				<SVFROMDATE TYPE="Date">01-Jan-1970</SVFROMDATE>
				<SVTODATE TYPE="Date">01-Jan-1970</SVTODATE>
				<SVEXPORTFORMAT>$$SysName:XML</SVEXPORTFORMAT>
			</STATICVARIABLES>
			<TDL>
				<TDLMESSAGE>
					<COLLECTION NAME="Collection of Ledgers" ISMODIFY="No">
						<TYPE>Company</TYPE>
						<FETCH>GUID,ALTERID,MASTERID,GUID,NAME,STATE,STARTINGFROM,BOOKSFROM,ENDINGAT,LASTVOUCHERDATE,CMPVCHID,ALTVCHID,ALTMSTID,ISAGGREGATE,BASICCOMPANYFORMALNAME,COMPANYCHEQUENAME,COMPANYCONTACTPERSON,COMPANYCONTACTNUMBER,EMAIL,WEBSITE,PHONENUMBER,CMPMOBNO,MOBILENO,_ADDRESS1,_ADDRESS2,_ADDRESS3,_ADDRESS4,_ADDRESS5,STATENAME,PINCODE,COUNTRYNAME,VATTINNUMBER,CORPORATEIDENTITYNO,UDF:CORPORATEIDENTITYNO,INTERSTATESTNUMBER,TANUMBER,STREGNUMBER,CMPPFCODE,INCOMETAXNUMBER,GSTREGISTRATIONTYPE,GSTAPPLICABLEDATE,ISGSTCESSON,GSTDETAILS.LIST,DESTINATION</FETCH>
						<FILTERS>CompanyNameFilter,GroupFilter</FILTERS>
					</COLLECTION>
					<SYSTEM TYPE="FORMULAE" NAME="CompanyNameFilter">$name =  "GST Dummy Co Pvt Ltd" </SYSTEM>
					<SYSTEM TYPE="FORMULAE" NAME="GroupFilter">$isaggregate =  "No" </SYSTEM>
				</TDLMESSAGE>
			</TDL>
		</DESC>
	</BODY>
</ENVELOPE>
<ENVELOPE>
	<HEADER>
		<VERSION>1</VERSION>
		<TALLYREQUEST>Export</TALLYREQUEST>
		<TYPE>Function</TYPE>
		<ID>$$LicenseInfo</ID>
	</HEADER>
	<BODY>
		<DESC>
			<FUNCPARAMLIST>
				<PARAM>Serial Number</PARAM>
			</FUNCPARAMLIST>
		</DESC>
	</BODY>
</ENVELOPE>
<ENVELOPE>
	<HEADER>
		<VERSION>1</VERSION>
		<TALLYREQUEST>Export</TALLYREQUEST>
		<TYPE>Function</TYPE>
		<ID>$$ProdInfo</ID>
	</HEADER>
	<BODY>
		<DESC>
			<FUNCPARAMLIST>
				<PARAM>Prod Build Number</PARAM>
			</FUNCPARAMLIST>
		</DESC>
	</BODY>
</ENVELOPE>
<ENVELOPE>
	<HEADER>
		<VERSION>1</VERSION>
		<TALLYREQUEST>Export</TALLYREQUEST>
		<TYPE>Function</TYPE>
		<ID>$$LicenseInfo</ID>
	</HEADER>
	<BODY>
		<DESC>
			<FUNCPARAMLIST>
				<PARAM>Serial Number</PARAM>
			</FUNCPARAMLIST>
		</DESC>
	</BODY>
</ENVELOPE>
<ENVELOPE>
	<HEADER>
		<VERSION>1</VERSION>
		<TALLYREQUEST>EXPORT</TALLYREQUEST>
		<TYPE>Collection</TYPE>
		<ID>TestTestGstDetSum</ID>
	</HEADER>
	<BODY>
		<DESC>
			<STATICVARIABLES>
				<SVEXPORTFORMAT>$$SysName:XML</SVEXPORTFORMAT>
				<SVCURRENTCOMPANY>GST Dummy Co Pvt Ltd</SVCURRENTCOMPANY>
			</STATICVARIABLES>
			<TDL>
				<TDLMESSAGE>
					<COLLECTION NAME="TestTestGstDetSum" ISMODIFY="No">
						<TYPE>TaxUnit</TYPE>
						<WALK>GSTDetails</WALK>
						<COMPUTE>AppFrom:$ApplicableFrom</COMPUTE>
						<COMPUTE>EInvAppl:$IsGSTeInvApplicable</COMPUTE>
						<COMPUTE>EInvApplFrom:$GSTeInvApplicableDate</COMPUTE>
						<COMPUTE> GSTeInvBillFromPlace: $GSTeInvBillFromPlace </COMPUTE>
						<COMPUTE> GSTeInvReportPeriod:$GSTeInvReportPeriod </COMPUTE>
						<COMPUTE> IsGSTeInvInclEWayBill:$IsGSTeInvInclEWayBill </COMPUTE>
					</COLLECTION>
				</TDLMESSAGE>
			</TDL>
		</DESC>
	</BODY>
</ENVELOPE>
<ENVELOPE>
	<HEADER>
		<VERSION>1</VERSION>
		<TALLYREQUEST>Export</TALLYREQUEST>
		<TYPE>Function</TYPE>
		<ID>$$LicenseInfo</ID>
	</HEADER>
	<BODY>
		<DESC>
			<FUNCPARAMLIST>
				<PARAM>Serial Number</PARAM>
			</FUNCPARAMLIST>
		</DESC>
	</BODY>
</ENVELOPE>
<ENVELOPE>
	<HEADER>
		<VERSION>1</VERSION>
		<TALLYREQUEST>Export</TALLYREQUEST>
		<TYPE>Function</TYPE>
		<ID>$$LicenseInfo</ID>
	</HEADER>
	<BODY>
		<DESC>
			<FUNCPARAMLIST>
				<PARAM>Serial Number</PARAM>
			</FUNCPARAMLIST>
		</DESC>
	</BODY>
</ENVELOPE>
<ENVELOPE>
	<HEADER>
		<VERSION>1</VERSION>
		<TALLYREQUEST>Export</TALLYREQUEST>
		<TYPE>Function</TYPE>
		<ID>$$LicenseInfo</ID>
	</HEADER>
	<BODY>
		<DESC>
			<FUNCPARAMLIST>
				<PARAM>Serial Number</PARAM>
			</FUNCPARAMLIST>
		</DESC>
	</BODY>
</ENVELOPE>
<ENVELOPE>
	<HEADER>
		<VERSION>1</VERSION>
		<TALLYREQUEST>Export</TALLYREQUEST>
		<TYPE>Collection</TYPE>
		<ID>Collection of Ledgers</ID>
	</HEADER>
	<BODY>
		<DESC>
			<STATICVARIABLES>
				<SVFROMDATE TYPE="Date">01-Jan-1970</SVFROMDATE>
				<SVTODATE TYPE="Date">01-Jan-1970</SVTODATE>
				<SVEXPORTFORMAT>$$SysName:XML</SVEXPORTFORMAT>
			</STATICVARIABLES>
			<TDL>
				<TDLMESSAGE>
					<COLLECTION NAME="Collection of Ledgers" ISMODIFY="No">
						<TYPE>Company</TYPE>
						<FETCH>GUID,ALTERID,MASTERID,GUID,NAME</FETCH>
						<FILTERS>CompanyNameFilter,GroupFilter</FILTERS>
					</COLLECTION>
					<SYSTEM TYPE="FORMULAE" NAME="CompanyNameFilter">$name =  "GST Dummy Co Pvt Ltd" </SYSTEM>
					<SYSTEM TYPE="FORMULAE" NAME="GroupFilter">$isaggregate =  "No" </SYSTEM>
				</TDLMESSAGE>
			</TDL>
		</DESC>
	</BODY>
</ENVELOPE>
<?xml version="1.0"?>
<ENVELOPE>
	<HEADER>
		<TALLYREQUEST>Import Data</TALLYREQUEST>
	</HEADER>
	<BODY>
		<IMPORTDATA>
			<REQUESTDESC>
				<REPORTNAME>Vouchers</REPORTNAME>
				<STATICVARIABLES>
					<SVCURRENTCOMPANY>GST Dummy Co Pvt Ltd</SVCURRENTCOMPANY>
				</STATICVARIABLES>
			</REQUESTDESC>
			<REQUESTDATA>
				<TALLYMESSAGE>
					<VOUCHER>
						<ADDRESS.LIST>
							<ADDRESS/>
						</ADDRESS.LIST>
						<BASICBUYERADDRESS.LIST>
							<BASICBUYERADDRESS/>
						</BASICBUYERADDRESS.LIST>
						<DATE>20230419</DATE>
						<PARTYLEDGERNAME>Bajaj Electricals</PARTYLEDGERNAME>
						<VOUCHERTYPENAME>Receipt Note</VOUCHERTYPENAME>
						<BASICBASEPARTYNAME>Bajaj Electricals</BASICBASEPARTYNAME>
						<PERSISTEDVIEW>Invoice Voucher View</PERSISTEDVIEW>
						<ISOPTIONAL>No</ISOPTIONAL>
						<ALLINVENTORYENTRIES.LIST>
							<STOCKITEMNAME>Packing Cover</STOCKITEMNAME>
							<ISDEEMEDPOSITIVE>Yes</ISDEEMEDPOSITIVE>
							<ISLASTDEEMEDPOSITIVE>Yes</ISLASTDEEMEDPOSITIVE>
							<AMOUNT>-5000</AMOUNT>
							<RATE>5000/pcs</RATE>
							<INCLVATRATE>0/pcs</INCLVATRATE>
							<ACTUALQTY>1 pcs</ACTUALQTY>
							<BILLEDQTY>1 pcs</BILLEDQTY>
							<BATCHALLOCATIONS.LIST>
								<TRACKINGNUMBER/>
								<GODOWNNAME>Main Location</GODOWNNAME>
								<AMOUNT>-5000</AMOUNT>
								<ACTUALQTY>1 pcs</ACTUALQTY>
								<BILLEDQTY>1 pcs</BILLEDQTY>
							</BATCHALLOCATIONS.LIST>
							<ACCOUNTINGALLOCATIONS.LIST>
								<LEDGERNAME>Purchase</LEDGERNAME>
								<ISDEEMEDPOSITIVE>Yes</ISDEEMEDPOSITIVE>
								<ISLASTDEEMEDPOSITIVE>Yes</ISLASTDEEMEDPOSITIVE>
								<AMOUNT>-5000</AMOUNT>
								<ISPARTYLEDGER>No</ISPARTYLEDGER>
							</ACCOUNTINGALLOCATIONS.LIST>
						</ALLINVENTORYENTRIES.LIST>
						<LEDGERENTRIES.LIST>
							<LEDGERNAME>Bajaj Electricals</LEDGERNAME>
							<ISDEEMEDPOSITIVE>No</ISDEEMEDPOSITIVE>
							<ISLASTDEEMEDPOSITIVE>No</ISLASTDEEMEDPOSITIVE>
							<AMOUNT>5250</AMOUNT>
							<ISPARTYLEDGER>Yes</ISPARTYLEDGER>
						</LEDGERENTRIES.LIST>
						<LEDGERENTRIES.LIST>
							<LEDGERNAME>Output IGST Payable @ 5%</LEDGERNAME>
							<GSTCLASS/>
							<ISDEEMEDPOSITIVE>Yes</ISDEEMEDPOSITIVE>
							<AMOUNT>-250</AMOUNT>
							<VATEXPAMOUNT>-250</VATEXPAMOUNT>
							<ISPARTYLEDGER>No</ISPARTYLEDGER>
						</LEDGERENTRIES.LIST>
						<PARTYNAME>Bajaj Electricals</PARTYNAME>
						<STATENAME>Delhi</STATENAME>
						<COUNTRYOFRESIDENCE>India</COUNTRYOFRESIDENCE>
						<BASICBUYERNAME>Bajaj Electricals</BASICBUYERNAME>
						<CONSIGNEESTATENAME>Delhi</CONSIGNEESTATENAME>
						<NARRATION>Created by Hussain H</NARRATION>
					</VOUCHER>
				</TALLYMESSAGE>
			</REQUESTDATA>
		</IMPORTDATA>
	</BODY>
</ENVELOPE>
<ENVELOPE>
	<HEADER>
		<VERSION>1</VERSION>
		<TALLYREQUEST>Export</TALLYREQUEST>
		<TYPE>Function</TYPE>
		<ID>$$LicenseInfo</ID>
	</HEADER>
	<BODY>
		<DESC>
			<FUNCPARAMLIST>
				<PARAM>Serial Number</PARAM>
			</FUNCPARAMLIST>
		</DESC>
	</BODY>
</ENVELOPE>
<ENVELOPE>
	<HEADER>
		<VERSION>1</VERSION>
		<TALLYREQUEST>Export</TALLYREQUEST>
		<TYPE>Collection</TYPE>
		<ID>Collection of Ledgers</ID>
	</HEADER>
	<BODY>
		<DESC>
			<STATICVARIABLES>
				<SVCURRENTCOMPANY>GST Dummy Co Pvt Ltd</SVCURRENTCOMPANY>
				<SVFROMDATE TYPE="Date">01-Jan-1970</SVFROMDATE>
				<SVTODATE TYPE="Date">01-Jan-1970</SVTODATE>
				<SVEXPORTFORMAT>$$SysName:XML</SVEXPORTFORMAT>
			</STATICVARIABLES>
			<TDL>
				<TDLMESSAGE>
					<COLLECTION NAME="Collection of Ledgers" ISMODIFY="No">
						<TYPE>Company</TYPE>
						<FETCH>GUID,ALTERID,MASTERID,GUID,NAME,STATE,STARTINGFROM,BOOKSFROM,ENDINGAT,LASTVOUCHERDATE,CMPVCHID,ALTVCHID,ALTMSTID,ISAGGREGATE,BASICCOMPANYFORMALNAME,COMPANYCHEQUENAME,COMPANYCONTACTPERSON,COMPANYCONTACTNUMBER,EMAIL,WEBSITE,PHONENUMBER,CMPMOBNO,MOBILENO,_ADDRESS1,_ADDRESS2,_ADDRESS3,_ADDRESS4,_ADDRESS5,STATENAME,PINCODE,COUNTRYNAME,VATTINNUMBER,CORPORATEIDENTITYNO,UDF:CORPORATEIDENTITYNO,INTERSTATESTNUMBER,TANUMBER,STREGNUMBER,CMPPFCODE,INCOMETAXNUMBER,GSTREGISTRATIONTYPE,GSTAPPLICABLEDATE,ISGSTCESSON,GSTDETAILS.LIST,DESTINATION</FETCH>
						<FILTERS>GroupFilter</FILTERS>
					</COLLECTION>
					<SYSTEM TYPE="FORMULAE" NAME="GroupFilter">$isaggregate =  "No" </SYSTEM>
				</TDLMESSAGE>
			</TDL>
		</DESC>
	</BODY>
</ENVELOPE>
<ENVELOPE>
	<HEADER>
		<VERSION>1</VERSION>
		<TALLYREQUEST>Export</TALLYREQUEST>
		<TYPE>Function</TYPE>
		<ID>$$LicenseInfo</ID>
	</HEADER>
	<BODY>
		<DESC>
			<FUNCPARAMLIST>
				<PARAM>Serial Number</PARAM>
			</FUNCPARAMLIST>
		</DESC>
	</BODY>
</ENVELOPE>
<ENVELOPE>
	<HEADER>
		<VERSION>1</VERSION>
		<TALLYREQUEST>Export</TALLYREQUEST>
		<TYPE>Function</TYPE>
		<ID>$$ProdInfo</ID>
	</HEADER>
	<BODY>
		<DESC>
			<FUNCPARAMLIST>
				<PARAM>Prod Build Number</PARAM>
			</FUNCPARAMLIST>
		</DESC>
	</BODY>
</ENVELOPE>
<ENVELOPE>
	<HEADER>
		<VERSION>1</VERSION>
		<TALLYREQUEST>Export</TALLYREQUEST>
		<TYPE>Function</TYPE>
		<ID>$$LicenseInfo</ID>
	</HEADER>
	<BODY>
		<DESC>
			<FUNCPARAMLIST>
				<PARAM>Serial Number</PARAM>
			</FUNCPARAMLIST>
		</DESC>
	</BODY>
</ENVELOPE>
<ENVELOPE>
	<HEADER>
		<VERSION>1</VERSION>
		<TALLYREQUEST>EXPORT</TALLYREQUEST>
		<TYPE>Collection</TYPE>
		<ID>TestTestGstDetSum</ID>
	</HEADER>
	<BODY>
		<DESC>
			<STATICVARIABLES>
				<SVEXPORTFORMAT>$$SysName:XML</SVEXPORTFORMAT>
				<SVCURRENTCOMPANY>GST Dummy Co Pvt Ltd</SVCURRENTCOMPANY>
			</STATICVARIABLES>
			<TDL>
				<TDLMESSAGE>
					<COLLECTION NAME="TestTestGstDetSum" ISMODIFY="No">
						<TYPE>TaxUnit</TYPE>
						<WALK>GSTDetails</WALK>
						<COMPUTE>AppFrom:$ApplicableFrom</COMPUTE>
						<COMPUTE>EInvAppl:$IsGSTeInvApplicable</COMPUTE>
						<COMPUTE>EInvApplFrom:$GSTeInvApplicableDate</COMPUTE>
						<COMPUTE> GSTeInvBillFromPlace: $GSTeInvBillFromPlace </COMPUTE>
						<COMPUTE> GSTeInvReportPeriod:$GSTeInvReportPeriod </COMPUTE>
						<COMPUTE> IsGSTeInvInclEWayBill:$IsGSTeInvInclEWayBill </COMPUTE>
					</COLLECTION>
				</TDLMESSAGE>
			</TDL>
		</DESC>
	</BODY>
</ENVELOPE>
<ENVELOPE>
	<HEADER>
		<VERSION>1</VERSION>
		<TALLYREQUEST>Export</TALLYREQUEST>
		<TYPE>Function</TYPE>
		<ID>$$LicenseInfo</ID>
	</HEADER>
	<BODY>
		<DESC>
			<FUNCPARAMLIST>
				<PARAM>Serial Number</PARAM>
			</FUNCPARAMLIST>
		</DESC>
	</BODY>
</ENVELOPE>
<ENVELOPE>
	<HEADER>
		<VERSION>1</VERSION>
		<TALLYREQUEST>Export</TALLYREQUEST>
		<TYPE>Function</TYPE>
		<ID>$$LicenseInfo</ID>
	</HEADER>
	<BODY>
		<DESC>
			<FUNCPARAMLIST>
				<PARAM>Serial Number</PARAM>
			</FUNCPARAMLIST>
		</DESC>
	</BODY>
</ENVELOPE>
<ENVELOPE>
	<HEADER>
		<VERSION>1</VERSION>
		<TALLYREQUEST>Export</TALLYREQUEST>
		<TYPE>Function</TYPE>
		<ID>$$LicenseInfo</ID>
	</HEADER>
	<BODY>
		<DESC>
			<FUNCPARAMLIST>
				<PARAM>Serial Number</PARAM>
			</FUNCPARAMLIST>
		</DESC>
	</BODY>
</ENVELOPE>
<ENVELOPE>
	<HEADER>
		<VERSION>1</VERSION>
		<TALLYREQUEST>Export</TALLYREQUEST>
		<TYPE>Collection</TYPE>
		<ID>Collection of Ledgers</ID>
	</HEADER>
	<BODY>
		<DESC>
			<STATICVARIABLES>
				<SVFROMDATE TYPE="Date">01-Jan-1970</SVFROMDATE>
				<SVTODATE TYPE="Date">01-Jan-1970</SVTODATE>
				<SVEXPORTFORMAT>$$SysName:XML</SVEXPORTFORMAT>
			</STATICVARIABLES>
			<TDL>
				<TDLMESSAGE>
					<COLLECTION NAME="Collection of Ledgers" ISMODIFY="No">
						<TYPE>Company</TYPE>
						<FETCH>GUID,ALTERID,MASTERID,GUID,NAME</FETCH>
						<FILTERS>CompanyNameFilter,GroupFilter</FILTERS>
					</COLLECTION>
					<SYSTEM TYPE="FORMULAE" NAME="CompanyNameFilter">$name =  "GST Dummy Co Pvt Ltd" </SYSTEM>
					<SYSTEM TYPE="FORMULAE" NAME="GroupFilter">$isaggregate =  "No" </SYSTEM>
				</TDLMESSAGE>
			</TDL>
		</DESC>
	</BODY>
</ENVELOPE>
<ENVELOPE>
	<HEADER>
		<VERSION>1</VERSION>
		<TALLYREQUEST>Export</TALLYREQUEST>
		<TYPE>Collection</TYPE>
		<ID>Collection of Ledgers</ID>
	</HEADER>
	<BODY>
		<DESC>
			<STATICVARIABLES>
				<SVCURRENTCOMPANY>GST Dummy Co Pvt Ltd</SVCURRENTCOMPANY>
				<SVFROMDATE TYPE="Date">01-Apr-2017</SVFROMDATE>
				<SVTODATE TYPE="Date">19-Apr-2023</SVTODATE>
				<SVEXPORTFORMAT>$$SysName:XML</SVEXPORTFORMAT>
			</STATICVARIABLES>
			<TDL>
				<TDLMESSAGE>
					<COLLECTION NAME="Collection of Ledgers" ISMODIFY="No">
						<TYPE>Currency</TYPE>
						<FETCH>GUID,ALTERID,MASTERID,GUID,NAME</FETCH>
						<FILTERS>AlterId</FILTERS>
					</COLLECTION>
					<SYSTEM TYPE="FORMULAE" NAME="AlterId">$alterid &gt; 698 AND $alterid &lt;= 699</SYSTEM>
				</TDLMESSAGE>
			</TDL>
		</DESC>
	</BODY>
</ENVELOPE>
<ENVELOPE>
	<HEADER>
		<VERSION>1</VERSION>
		<TALLYREQUEST>Export</TALLYREQUEST>
		<TYPE>Function</TYPE>
		<ID>$$LicenseInfo</ID>
	</HEADER>
	<BODY>
		<DESC>
			<FUNCPARAMLIST>
				<PARAM>Serial Number</PARAM>
			</FUNCPARAMLIST>
		</DESC>
	</BODY>
</ENVELOPE>
<ENVELOPE>
	<HEADER>
		<VERSION>1</VERSION>
		<TALLYREQUEST>Export</TALLYREQUEST>
		<TYPE>Function</TYPE>
		<ID>$$LicenseInfo</ID>
	</HEADER>
	<BODY>
		<DESC>
			<FUNCPARAMLIST>
				<PARAM>Serial Number</PARAM>
			</FUNCPARAMLIST>
		</DESC>
	</BODY>
</ENVELOPE>
<ENVELOPE>
	<HEADER>
		<VERSION>1</VERSION>
		<TALLYREQUEST>Export</TALLYREQUEST>
		<TYPE>Function</TYPE>
		<ID>$$LicenseInfo</ID>
	</HEADER>
	<BODY>
		<DESC>
			<FUNCPARAMLIST>
				<PARAM>Serial Number</PARAM>
			</FUNCPARAMLIST>
		</DESC>
	</BODY>
</ENVELOPE>
<ENVELOPE>
	<HEADER>
		<VERSION>1</VERSION>
		<TALLYREQUEST>Export</TALLYREQUEST>
		<TYPE>Collection</TYPE>
		<ID>Collection of Ledgers</ID>
	</HEADER>
	<BODY>
		<DESC>
			<STATICVARIABLES>
				<SVFROMDATE TYPE="Date">01-Jan-1970</SVFROMDATE>
				<SVTODATE TYPE="Date">01-Jan-1970</SVTODATE>
				<SVEXPORTFORMAT>$$SysName:XML</SVEXPORTFORMAT>
			</STATICVARIABLES>
			<TDL>
				<TDLMESSAGE>
					<COLLECTION NAME="Collection of Ledgers" ISMODIFY="No">
						<TYPE>Company</TYPE>
						<FETCH>GUID,ALTERID,MASTERID,GUID,NAME</FETCH>
						<FILTERS>CompanyNameFilter,GroupFilter</FILTERS>
					</COLLECTION>
					<SYSTEM TYPE="FORMULAE" NAME="CompanyNameFilter">$name =  "GST Dummy Co Pvt Ltd" </SYSTEM>
					<SYSTEM TYPE="FORMULAE" NAME="GroupFilter">$isaggregate =  "No" </SYSTEM>
				</TDLMESSAGE>
			</TDL>
		</DESC>
	</BODY>
</ENVELOPE>
<ENVELOPE>
	<HEADER>
		<VERSION>1</VERSION>
		<TALLYREQUEST>Export</TALLYREQUEST>
		<TYPE>Collection</TYPE>
		<ID>Collection of Ledgers</ID>
	</HEADER>
	<BODY>
		<DESC>
			<STATICVARIABLES>
				<SVCURRENTCOMPANY>GST Dummy Co Pvt Ltd</SVCURRENTCOMPANY>
				<SVFROMDATE TYPE="Date">01-Apr-2017</SVFROMDATE>
				<SVTODATE TYPE="Date">19-Apr-2023</SVTODATE>
				<SVEXPORTFORMAT>$$SysName:XML</SVEXPORTFORMAT>
			</STATICVARIABLES>
			<TDL>
				<TDLMESSAGE>
					<COLLECTION NAME="Collection of Ledgers" ISMODIFY="No">
						<TYPE>CostCategory</TYPE>
						<FETCH>GUID,ALTERID,MASTERID,NAME</FETCH>
						<FILTERS>AlterId</FILTERS>
					</COLLECTION>
					<SYSTEM TYPE="FORMULAE" NAME="AlterId">$alterid &gt; 698 AND $alterid &lt;= 699</SYSTEM>
				</TDLMESSAGE>
			</TDL>
		</DESC>
	</BODY>
</ENVELOPE>
<ENVELOPE>
	<HEADER>
		<VERSION>1</VERSION>
		<TALLYREQUEST>Export</TALLYREQUEST>
		<TYPE>Function</TYPE>
		<ID>$$LicenseInfo</ID>
	</HEADER>
	<BODY>
		<DESC>
			<FUNCPARAMLIST>
				<PARAM>Serial Number</PARAM>
			</FUNCPARAMLIST>
		</DESC>
	</BODY>
</ENVELOPE>
<ENVELOPE>
	<HEADER>
		<VERSION>1</VERSION>
		<TALLYREQUEST>Export</TALLYREQUEST>
		<TYPE>Function</TYPE>
		<ID>$$LicenseInfo</ID>
	</HEADER>
	<BODY>
		<DESC>
			<FUNCPARAMLIST>
				<PARAM>Serial Number</PARAM>
			</FUNCPARAMLIST>
		</DESC>
	</BODY>
</ENVELOPE>
<ENVELOPE>
	<HEADER>
		<VERSION>1</VERSION>
		<TALLYREQUEST>Export</TALLYREQUEST>
		<TYPE>Function</TYPE>
		<ID>$$LicenseInfo</ID>
	</HEADER>
	<BODY>
		<DESC>
			<FUNCPARAMLIST>
				<PARAM>Serial Number</PARAM>
			</FUNCPARAMLIST>
		</DESC>
	</BODY>
</ENVELOPE>
<ENVELOPE>
	<HEADER>
		<VERSION>1</VERSION>
		<TALLYREQUEST>Export</TALLYREQUEST>
		<TYPE>Collection</TYPE>
		<ID>Collection of Ledgers</ID>
	</HEADER>
	<BODY>
		<DESC>
			<STATICVARIABLES>
				<SVFROMDATE TYPE="Date">01-Jan-1970</SVFROMDATE>
				<SVTODATE TYPE="Date">01-Jan-1970</SVTODATE>
				<SVEXPORTFORMAT>$$SysName:XML</SVEXPORTFORMAT>
			</STATICVARIABLES>
			<TDL>
				<TDLMESSAGE>
					<COLLECTION NAME="Collection of Ledgers" ISMODIFY="No">
						<TYPE>Company</TYPE>
						<FETCH>GUID,ALTERID,MASTERID,GUID,NAME</FETCH>
						<FILTERS>CompanyNameFilter,GroupFilter</FILTERS>
					</COLLECTION>
					<SYSTEM TYPE="FORMULAE" NAME="CompanyNameFilter">$name =  "GST Dummy Co Pvt Ltd" </SYSTEM>
					<SYSTEM TYPE="FORMULAE" NAME="GroupFilter">$isaggregate =  "No" </SYSTEM>
				</TDLMESSAGE>
			</TDL>
		</DESC>
	</BODY>
</ENVELOPE>
<ENVELOPE>
	<HEADER>
		<VERSION>1</VERSION>
		<TALLYREQUEST>Export</TALLYREQUEST>
		<TYPE>Collection</TYPE>
		<ID>Collection of Ledgers</ID>
	</HEADER>
	<BODY>
		<DESC>
			<STATICVARIABLES>
				<SVCURRENTCOMPANY>GST Dummy Co Pvt Ltd</SVCURRENTCOMPANY>
				<SVFROMDATE TYPE="Date">01-Apr-2017</SVFROMDATE>
				<SVTODATE TYPE="Date">19-Apr-2023</SVTODATE>
				<SVEXPORTFORMAT>$$SysName:XML</SVEXPORTFORMAT>
			</STATICVARIABLES>
			<TDL>
				<TDLMESSAGE>
					<COLLECTION NAME="Collection of Ledgers" ISMODIFY="No">
						<TYPE>CostCentre</TYPE>
						<FETCH>GUID,ALTERID,MASTERID,GUID,NAME,PARENT,CATEGORY,FORPAYROLL,ISEMPLOYEEGROUP</FETCH>
						<FILTERS>AlterId</FILTERS>
					</COLLECTION>
					<SYSTEM TYPE="FORMULAE" NAME="AlterId">$alterid &gt; 698 AND $alterid &lt;= 699</SYSTEM>
				</TDLMESSAGE>
			</TDL>
		</DESC>
	</BODY>
</ENVELOPE>
<ENVELOPE>
	<HEADER>
		<VERSION>1</VERSION>
		<TALLYREQUEST>Export</TALLYREQUEST>
		<TYPE>Function</TYPE>
		<ID>$$LicenseInfo</ID>
	</HEADER>
	<BODY>
		<DESC>
			<FUNCPARAMLIST>
				<PARAM>Serial Number</PARAM>
			</FUNCPARAMLIST>
		</DESC>
	</BODY>
</ENVELOPE>
<ENVELOPE>
	<HEADER>
		<VERSION>1</VERSION>
		<TALLYREQUEST>Export</TALLYREQUEST>
		<TYPE>Function</TYPE>
		<ID>$$LicenseInfo</ID>
	</HEADER>
	<BODY>
		<DESC>
			<FUNCPARAMLIST>
				<PARAM>Serial Number</PARAM>
			</FUNCPARAMLIST>
		</DESC>
	</BODY>
</ENVELOPE>
<ENVELOPE>
	<HEADER>
		<VERSION>1</VERSION>
		<TALLYREQUEST>Export</TALLYREQUEST>
		<TYPE>Function</TYPE>
		<ID>$$LicenseInfo</ID>
	</HEADER>
	<BODY>
		<DESC>
			<FUNCPARAMLIST>
				<PARAM>Serial Number</PARAM>
			</FUNCPARAMLIST>
		</DESC>
	</BODY>
</ENVELOPE>
<ENVELOPE>
	<HEADER>
		<VERSION>1</VERSION>
		<TALLYREQUEST>Export</TALLYREQUEST>
		<TYPE>Collection</TYPE>
		<ID>Collection of Ledgers</ID>
	</HEADER>
	<BODY>
		<DESC>
			<STATICVARIABLES>
				<SVFROMDATE TYPE="Date">01-Jan-1970</SVFROMDATE>
				<SVTODATE TYPE="Date">01-Jan-1970</SVTODATE>
				<SVEXPORTFORMAT>$$SysName:XML</SVEXPORTFORMAT>
			</STATICVARIABLES>
			<TDL>
				<TDLMESSAGE>
					<COLLECTION NAME="Collection of Ledgers" ISMODIFY="No">
						<TYPE>Company</TYPE>
						<FETCH>GUID,ALTERID,MASTERID,GUID,NAME</FETCH>
						<FILTERS>CompanyNameFilter,GroupFilter</FILTERS>
					</COLLECTION>
					<SYSTEM TYPE="FORMULAE" NAME="CompanyNameFilter">$name =  "GST Dummy Co Pvt Ltd" </SYSTEM>
					<SYSTEM TYPE="FORMULAE" NAME="GroupFilter">$isaggregate =  "No" </SYSTEM>
				</TDLMESSAGE>
			</TDL>
		</DESC>
	</BODY>
</ENVELOPE>
<ENVELOPE>
	<HEADER>
		<VERSION>1</VERSION>
		<TALLYREQUEST>Export</TALLYREQUEST>
		<TYPE>Collection</TYPE>
		<ID>Collection of Ledgers</ID>
	</HEADER>
	<BODY>
		<DESC>
			<STATICVARIABLES>
				<SVCURRENTCOMPANY>GST Dummy Co Pvt Ltd</SVCURRENTCOMPANY>
				<SVFROMDATE TYPE="Date">01-Apr-2017</SVFROMDATE>
				<SVTODATE TYPE="Date">19-Apr-2023</SVTODATE>
				<SVEXPORTFORMAT>$$SysName:XML</SVEXPORTFORMAT>
			</STATICVARIABLES>
			<TDL>
				<TDLMESSAGE>
					<COLLECTION NAME="Collection of Ledgers" ISMODIFY="No">
						<TYPE>Group</TYPE>
						<FETCH>GUID,ALTERID,MASTERID,NAME,GUID,PARENT,LANGUAGENAME.LIST,ISREVENUE,AFFECTSGROSSPROFIT,ISDEEMEDPOSITIVE,AFFECTSSTOCK,TRACKNEGATIVEBALANCES,ISSUBLEDGER,ISBILLWISEON,ISCOSTCENTRESON</FETCH>
						<FILTERS>AlterId</FILTERS>
					</COLLECTION>
					<SYSTEM TYPE="FORMULAE" NAME="AlterId">$alterid &gt; 698 AND $alterid &lt;= 699</SYSTEM>
				</TDLMESSAGE>
			</TDL>
		</DESC>
	</BODY>
</ENVELOPE>
<ENVELOPE>
	<HEADER>
		<VERSION>1</VERSION>
		<TALLYREQUEST>Export</TALLYREQUEST>
		<TYPE>Function</TYPE>
		<ID>$$LicenseInfo</ID>
	</HEADER>
	<BODY>
		<DESC>
			<FUNCPARAMLIST>
				<PARAM>Serial Number</PARAM>
			</FUNCPARAMLIST>
		</DESC>
	</BODY>
</ENVELOPE>
<ENVELOPE>
	<HEADER>
		<VERSION>1</VERSION>
		<TALLYREQUEST>Export</TALLYREQUEST>
		<TYPE>Function</TYPE>
		<ID>$$LicenseInfo</ID>
	</HEADER>
	<BODY>
		<DESC>
			<FUNCPARAMLIST>
				<PARAM>Serial Number</PARAM>
			</FUNCPARAMLIST>
		</DESC>
	</BODY>
</ENVELOPE>
<ENVELOPE>
	<HEADER>
		<VERSION>1</VERSION>
		<TALLYREQUEST>Export</TALLYREQUEST>
		<TYPE>Function</TYPE>
		<ID>$$LicenseInfo</ID>
	</HEADER>
	<BODY>
		<DESC>
			<FUNCPARAMLIST>
				<PARAM>Serial Number</PARAM>
			</FUNCPARAMLIST>
		</DESC>
	</BODY>
</ENVELOPE>
<ENVELOPE>
	<HEADER>
		<VERSION>1</VERSION>
		<TALLYREQUEST>Export</TALLYREQUEST>
		<TYPE>Collection</TYPE>
		<ID>Collection of Ledgers</ID>
	</HEADER>
	<BODY>
		<DESC>
			<STATICVARIABLES>
				<SVFROMDATE TYPE="Date">01-Jan-1970</SVFROMDATE>
				<SVTODATE TYPE="Date">01-Jan-1970</SVTODATE>
				<SVEXPORTFORMAT>$$SysName:XML</SVEXPORTFORMAT>
			</STATICVARIABLES>
			<TDL>
				<TDLMESSAGE>
					<COLLECTION NAME="Collection of Ledgers" ISMODIFY="No">
						<TYPE>Company</TYPE>
						<FETCH>GUID,ALTERID,MASTERID,GUID,NAME</FETCH>
						<FILTERS>CompanyNameFilter,GroupFilter</FILTERS>
					</COLLECTION>
					<SYSTEM TYPE="FORMULAE" NAME="CompanyNameFilter">$name =  "GST Dummy Co Pvt Ltd" </SYSTEM>
					<SYSTEM TYPE="FORMULAE" NAME="GroupFilter">$isaggregate =  "No" </SYSTEM>
				</TDLMESSAGE>
			</TDL>
		</DESC>
	</BODY>
</ENVELOPE>
<ENVELOPE>
	<HEADER>
		<VERSION>1</VERSION>
		<TALLYREQUEST>Export</TALLYREQUEST>
		<TYPE>Collection</TYPE>
		<ID>Collection of Ledgers</ID>
	</HEADER>
	<BODY>
		<DESC>
			<STATICVARIABLES>
				<SVCURRENTCOMPANY>GST Dummy Co Pvt Ltd</SVCURRENTCOMPANY>
				<SVFROMDATE TYPE="Date">01-Apr-2017</SVFROMDATE>
				<SVTODATE TYPE="Date">19-Apr-2023</SVTODATE>
				<SVEXPORTFORMAT>$$SysName:XML</SVEXPORTFORMAT>
			</STATICVARIABLES>
			<TDL>
				<TDLMESSAGE>
					<COLLECTION NAME="Collection of Ledgers" ISMODIFY="No">
						<TYPE>VoucherType</TYPE>
						<FETCH>GUID,ALTERID,MASTERID,NAME,PARENT,USEFORPOSINVOICE,LANGUAGENAME.LIST,NUMBERINGMETHOD,PREVENTDUPLICATES,VOUCHERCLASSLIST.LIST</FETCH>
						<FILTERS>AlterId</FILTERS>
					</COLLECTION>
					<SYSTEM TYPE="FORMULAE" NAME="AlterId">$alterid &gt; 698 AND $alterid &lt;= 699</SYSTEM>
				</TDLMESSAGE>
			</TDL>
		</DESC>
	</BODY>
</ENVELOPE>
<ENVELOPE>
	<HEADER>
		<VERSION>1</VERSION>
		<TALLYREQUEST>Export</TALLYREQUEST>
		<TYPE>Function</TYPE>
		<ID>$$LicenseInfo</ID>
	</HEADER>
	<BODY>
		<DESC>
			<FUNCPARAMLIST>
				<PARAM>Serial Number</PARAM>
			</FUNCPARAMLIST>
		</DESC>
	</BODY>
</ENVELOPE>
<ENVELOPE>
	<HEADER>
		<VERSION>1</VERSION>
		<TALLYREQUEST>Export</TALLYREQUEST>
		<TYPE>Function</TYPE>
		<ID>$$LicenseInfo</ID>
	</HEADER>
	<BODY>
		<DESC>
			<FUNCPARAMLIST>
				<PARAM>Serial Number</PARAM>
			</FUNCPARAMLIST>
		</DESC>
	</BODY>
</ENVELOPE>
<ENVELOPE>
	<HEADER>
		<VERSION>1</VERSION>
		<TALLYREQUEST>Export</TALLYREQUEST>
		<TYPE>Function</TYPE>
		<ID>$$LicenseInfo</ID>
	</HEADER>
	<BODY>
		<DESC>
			<FUNCPARAMLIST>
				<PARAM>Serial Number</PARAM>
			</FUNCPARAMLIST>
		</DESC>
	</BODY>
</ENVELOPE>
<ENVELOPE>
	<HEADER>
		<VERSION>1</VERSION>
		<TALLYREQUEST>Export</TALLYREQUEST>
		<TYPE>Collection</TYPE>
		<ID>Collection of Ledgers</ID>
	</HEADER>
	<BODY>
		<DESC>
			<STATICVARIABLES>
				<SVFROMDATE TYPE="Date">01-Jan-1970</SVFROMDATE>
				<SVTODATE TYPE="Date">01-Jan-1970</SVTODATE>
				<SVEXPORTFORMAT>$$SysName:XML</SVEXPORTFORMAT>
			</STATICVARIABLES>
			<TDL>
				<TDLMESSAGE>
					<COLLECTION NAME="Collection of Ledgers" ISMODIFY="No">
						<TYPE>Company</TYPE>
						<FETCH>GUID,ALTERID,MASTERID,GUID,NAME</FETCH>
						<FILTERS>CompanyNameFilter,GroupFilter</FILTERS>
					</COLLECTION>
					<SYSTEM TYPE="FORMULAE" NAME="CompanyNameFilter">$name =  "GST Dummy Co Pvt Ltd" </SYSTEM>
					<SYSTEM TYPE="FORMULAE" NAME="GroupFilter">$isaggregate =  "No" </SYSTEM>
				</TDLMESSAGE>
			</TDL>
		</DESC>
	</BODY>
</ENVELOPE>
<ENVELOPE>
	<HEADER>
		<VERSION>1</VERSION>
		<TALLYREQUEST>Export</TALLYREQUEST>
		<TYPE>Collection</TYPE>
		<ID>Collection of Ledgers</ID>
	</HEADER>
	<BODY>
		<DESC>
			<STATICVARIABLES>
				<SVCURRENTCOMPANY>GST Dummy Co Pvt Ltd</SVCURRENTCOMPANY>
				<SVFROMDATE TYPE="Date">01-Apr-2017</SVFROMDATE>
				<SVTODATE TYPE="Date">19-Apr-2023</SVTODATE>
				<SVEXPORTFORMAT>$$SysName:XML</SVEXPORTFORMAT>
			</STATICVARIABLES>
			<TDL>
				<TDLMESSAGE>
					<COLLECTION NAME="Collection of Ledgers" ISMODIFY="No">
						<TYPE>Godown</TYPE>
						<FETCH>GUID,ALTERID,MASTERID,NAME,ADDRESS.LIST,PINCODE,PHONENUMBER,EXCISERANGECODE,EXCISEDIVISIONCODE,EXCISEREGNO,PARENT</FETCH>
						<FILTERS>AlterId</FILTERS>
					</COLLECTION>
					<SYSTEM TYPE="FORMULAE" NAME="AlterId">$alterid &gt; 698 AND $alterid &lt;= 699</SYSTEM>
				</TDLMESSAGE>
			</TDL>
		</DESC>
	</BODY>
</ENVELOPE>
<ENVELOPE>
	<HEADER>
		<VERSION>1</VERSION>
		<TALLYREQUEST>Export</TALLYREQUEST>
		<TYPE>Function</TYPE>
		<ID>$$LicenseInfo</ID>
	</HEADER>
	<BODY>
		<DESC>
			<FUNCPARAMLIST>
				<PARAM>Serial Number</PARAM>
			</FUNCPARAMLIST>
		</DESC>
	</BODY>
</ENVELOPE>
<ENVELOPE>
	<HEADER>
		<VERSION>1</VERSION>
		<TALLYREQUEST>Export</TALLYREQUEST>
		<TYPE>Function</TYPE>
		<ID>$$LicenseInfo</ID>
	</HEADER>
	<BODY>
		<DESC>
			<FUNCPARAMLIST>
				<PARAM>Serial Number</PARAM>
			</FUNCPARAMLIST>
		</DESC>
	</BODY>
</ENVELOPE>
<ENVELOPE>
	<HEADER>
		<VERSION>1</VERSION>
		<TALLYREQUEST>Export</TALLYREQUEST>
		<TYPE>Function</TYPE>
		<ID>$$LicenseInfo</ID>
	</HEADER>
	<BODY>
		<DESC>
			<FUNCPARAMLIST>
				<PARAM>Serial Number</PARAM>
			</FUNCPARAMLIST>
		</DESC>
	</BODY>
</ENVELOPE>
<ENVELOPE>
	<HEADER>
		<VERSION>1</VERSION>
		<TALLYREQUEST>Export</TALLYREQUEST>
		<TYPE>Collection</TYPE>
		<ID>Collection of Ledgers</ID>
	</HEADER>
	<BODY>
		<DESC>
			<STATICVARIABLES>
				<SVFROMDATE TYPE="Date">01-Jan-1970</SVFROMDATE>
				<SVTODATE TYPE="Date">01-Jan-1970</SVTODATE>
				<SVEXPORTFORMAT>$$SysName:XML</SVEXPORTFORMAT>
			</STATICVARIABLES>
			<TDL>
				<TDLMESSAGE>
					<COLLECTION NAME="Collection of Ledgers" ISMODIFY="No">
						<TYPE>Company</TYPE>
						<FETCH>GUID,ALTERID,MASTERID,GUID,NAME</FETCH>
						<FILTERS>CompanyNameFilter,GroupFilter</FILTERS>
					</COLLECTION>
					<SYSTEM TYPE="FORMULAE" NAME="CompanyNameFilter">$name =  "GST Dummy Co Pvt Ltd" </SYSTEM>
					<SYSTEM TYPE="FORMULAE" NAME="GroupFilter">$isaggregate =  "No" </SYSTEM>
				</TDLMESSAGE>
			</TDL>
		</DESC>
	</BODY>
</ENVELOPE>
<ENVELOPE>
	<HEADER>
		<VERSION>1</VERSION>
		<TALLYREQUEST>Export</TALLYREQUEST>
		<TYPE>Collection</TYPE>
		<ID>Collection of Ledgers</ID>
	</HEADER>
	<BODY>
		<DESC>
			<STATICVARIABLES>
				<SVCURRENTCOMPANY>GST Dummy Co Pvt Ltd</SVCURRENTCOMPANY>
				<SVFROMDATE TYPE="Date">01-Apr-2017</SVFROMDATE>
				<SVTODATE TYPE="Date">19-Apr-2023</SVTODATE>
				<SVEXPORTFORMAT>$$SysName:XML</SVEXPORTFORMAT>
			</STATICVARIABLES>
			<TDL>
				<TDLMESSAGE>
					<COLLECTION NAME="Collection of Ledgers" ISMODIFY="No">
						<TYPE>Unit</TYPE>
						<FETCH>GUID,ALTERID,MASTERID,NAME,GUID,ISSIMPLEUNIT,ALTERID,BASEUNITS,ADDITIONALUNITS,CONVERSION,ISUPDATINGTARGETID,ASORIGINAL,ISGSTEXCLUDED</FETCH>
						<FILTERS>AlterId</FILTERS>
					</COLLECTION>
					<SYSTEM TYPE="FORMULAE" NAME="AlterId">$alterid &gt; 698 AND $alterid &lt;= 699</SYSTEM>
				</TDLMESSAGE>
			</TDL>
		</DESC>
	</BODY>
</ENVELOPE>
<ENVELOPE>
	<HEADER>
		<VERSION>1</VERSION>
		<TALLYREQUEST>Export</TALLYREQUEST>
		<TYPE>Function</TYPE>
		<ID>$$LicenseInfo</ID>
	</HEADER>
	<BODY>
		<DESC>
			<FUNCPARAMLIST>
				<PARAM>Serial Number</PARAM>
			</FUNCPARAMLIST>
		</DESC>
	</BODY>
</ENVELOPE>
<ENVELOPE>
	<HEADER>
		<VERSION>1</VERSION>
		<TALLYREQUEST>Export</TALLYREQUEST>
		<TYPE>Function</TYPE>
		<ID>$$LicenseInfo</ID>
	</HEADER>
	<BODY>
		<DESC>
			<FUNCPARAMLIST>
				<PARAM>Serial Number</PARAM>
			</FUNCPARAMLIST>
		</DESC>
	</BODY>
</ENVELOPE>
<ENVELOPE>
	<HEADER>
		<VERSION>1</VERSION>
		<TALLYREQUEST>Export</TALLYREQUEST>
		<TYPE>Function</TYPE>
		<ID>$$LicenseInfo</ID>
	</HEADER>
	<BODY>
		<DESC>
			<FUNCPARAMLIST>
				<PARAM>Serial Number</PARAM>
			</FUNCPARAMLIST>
		</DESC>
	</BODY>
</ENVELOPE>
<ENVELOPE>
	<HEADER>
		<VERSION>1</VERSION>
		<TALLYREQUEST>Export</TALLYREQUEST>
		<TYPE>Collection</TYPE>
		<ID>Collection of Ledgers</ID>
	</HEADER>
	<BODY>
		<DESC>
			<STATICVARIABLES>
				<SVFROMDATE TYPE="Date">01-Jan-1970</SVFROMDATE>
				<SVTODATE TYPE="Date">01-Jan-1970</SVTODATE>
				<SVEXPORTFORMAT>$$SysName:XML</SVEXPORTFORMAT>
			</STATICVARIABLES>
			<TDL>
				<TDLMESSAGE>
					<COLLECTION NAME="Collection of Ledgers" ISMODIFY="No">
						<TYPE>Company</TYPE>
						<FETCH>GUID,ALTERID,MASTERID,GUID,NAME</FETCH>
						<FILTERS>CompanyNameFilter,GroupFilter</FILTERS>
					</COLLECTION>
					<SYSTEM TYPE="FORMULAE" NAME="CompanyNameFilter">$name =  "GST Dummy Co Pvt Ltd" </SYSTEM>
					<SYSTEM TYPE="FORMULAE" NAME="GroupFilter">$isaggregate =  "No" </SYSTEM>
				</TDLMESSAGE>
			</TDL>
		</DESC>
	</BODY>
</ENVELOPE>
<ENVELOPE>
	<HEADER>
		<VERSION>1</VERSION>
		<TALLYREQUEST>Export</TALLYREQUEST>
		<TYPE>Collection</TYPE>
		<ID>Collection of Ledgers</ID>
	</HEADER>
	<BODY>
		<DESC>
			<STATICVARIABLES>
				<SVCURRENTCOMPANY>GST Dummy Co Pvt Ltd</SVCURRENTCOMPANY>
				<SVFROMDATE TYPE="Date">01-Apr-2017</SVFROMDATE>
				<SVTODATE TYPE="Date">19-Apr-2023</SVTODATE>
				<SVEXPORTFORMAT>$$SysName:XML</SVEXPORTFORMAT>
			</STATICVARIABLES>
			<TDL>
				<TDLMESSAGE>
					<COLLECTION NAME="Collection of Ledgers" ISMODIFY="No">
						<TYPE>StockGroup</TYPE>
						<FETCH>GUID,ALTERID,MASTERID,NAME,GUID,PARENT,BASEUNITS,COSTINGMETHOD,VALUATIONMETHOD,ISCOSTCENTRESON,ISBATCHWISEON,ISPERISHABLEON,ISADDABLE,IGNOREPHYSICALDIFFERENCE,IGNORENEGATIVESTOCK,ALLOWUSEOFEXPIREDITEMS,HASMFGDATE,IGNOREBATCHES,IGNOREGODOWNS,GSTDETAILS.LIST,VATDETAILS.LIST</FETCH>
						<FILTERS>AlterId</FILTERS>
					</COLLECTION>
					<SYSTEM TYPE="FORMULAE" NAME="AlterId">$alterid &gt; 698 AND $alterid &lt;= 699</SYSTEM>
				</TDLMESSAGE>
			</TDL>
		</DESC>
	</BODY>
</ENVELOPE>
<ENVELOPE>
	<HEADER>
		<VERSION>1</VERSION>
		<TALLYREQUEST>Export</TALLYREQUEST>
		<TYPE>Function</TYPE>
		<ID>$$LicenseInfo</ID>
	</HEADER>
	<BODY>
		<DESC>
			<FUNCPARAMLIST>
				<PARAM>Serial Number</PARAM>
			</FUNCPARAMLIST>
		</DESC>
	</BODY>
</ENVELOPE>
<ENVELOPE>
	<HEADER>
		<VERSION>1</VERSION>
		<TALLYREQUEST>Export</TALLYREQUEST>
		<TYPE>Function</TYPE>
		<ID>$$LicenseInfo</ID>
	</HEADER>
	<BODY>
		<DESC>
			<FUNCPARAMLIST>
				<PARAM>Serial Number</PARAM>
			</FUNCPARAMLIST>
		</DESC>
	</BODY>
</ENVELOPE>
<ENVELOPE>
	<HEADER>
		<VERSION>1</VERSION>
		<TALLYREQUEST>Export</TALLYREQUEST>
		<TYPE>Function</TYPE>
		<ID>$$LicenseInfo</ID>
	</HEADER>
	<BODY>
		<DESC>
			<FUNCPARAMLIST>
				<PARAM>Serial Number</PARAM>
			</FUNCPARAMLIST>
		</DESC>
	</BODY>
</ENVELOPE>
<ENVELOPE>
	<HEADER>
		<VERSION>1</VERSION>
		<TALLYREQUEST>Export</TALLYREQUEST>
		<TYPE>Collection</TYPE>
		<ID>Collection of Ledgers</ID>
	</HEADER>
	<BODY>
		<DESC>
			<STATICVARIABLES>
				<SVFROMDATE TYPE="Date">01-Jan-1970</SVFROMDATE>
				<SVTODATE TYPE="Date">01-Jan-1970</SVTODATE>
				<SVEXPORTFORMAT>$$SysName:XML</SVEXPORTFORMAT>
			</STATICVARIABLES>
			<TDL>
				<TDLMESSAGE>
					<COLLECTION NAME="Collection of Ledgers" ISMODIFY="No">
						<TYPE>Company</TYPE>
						<FETCH>GUID,ALTERID,MASTERID,GUID,NAME</FETCH>
						<FILTERS>CompanyNameFilter,GroupFilter</FILTERS>
					</COLLECTION>
					<SYSTEM TYPE="FORMULAE" NAME="CompanyNameFilter">$name =  "GST Dummy Co Pvt Ltd" </SYSTEM>
					<SYSTEM TYPE="FORMULAE" NAME="GroupFilter">$isaggregate =  "No" </SYSTEM>
				</TDLMESSAGE>
			</TDL>
		</DESC>
	</BODY>
</ENVELOPE>
<ENVELOPE>
	<HEADER>
		<VERSION>1</VERSION>
		<TALLYREQUEST>Export</TALLYREQUEST>
		<TYPE>Collection</TYPE>
		<ID>Collection of Ledgers</ID>
	</HEADER>
	<BODY>
		<DESC>
			<STATICVARIABLES>
				<SVCURRENTCOMPANY>GST Dummy Co Pvt Ltd</SVCURRENTCOMPANY>
				<SVFROMDATE TYPE="Date">01-Apr-2017</SVFROMDATE>
				<SVTODATE TYPE="Date">19-Apr-2023</SVTODATE>
				<SVEXPORTFORMAT>$$SysName:XML</SVEXPORTFORMAT>
			</STATICVARIABLES>
			<TDL>
				<TDLMESSAGE>
					<COLLECTION NAME="Collection of Ledgers" ISMODIFY="No">
						<TYPE>StockCategory</TYPE>
						<FETCH>GUID,ALTERID,MASTERID,NAME,GUID,PARENT</FETCH>
						<FILTERS>AlterId</FILTERS>
					</COLLECTION>
					<SYSTEM TYPE="FORMULAE" NAME="AlterId">$alterid &gt; 698 AND $alterid &lt;= 699</SYSTEM>
				</TDLMESSAGE>
			</TDL>
		</DESC>
	</BODY>
</ENVELOPE>
<ENVELOPE>
	<HEADER>
		<VERSION>1</VERSION>
		<TALLYREQUEST>Export</TALLYREQUEST>
		<TYPE>Function</TYPE>
		<ID>$$LicenseInfo</ID>
	</HEADER>
	<BODY>
		<DESC>
			<FUNCPARAMLIST>
				<PARAM>Serial Number</PARAM>
			</FUNCPARAMLIST>
		</DESC>
	</BODY>
</ENVELOPE>
<ENVELOPE>
	<HEADER>
		<VERSION>1</VERSION>
		<TALLYREQUEST>Export</TALLYREQUEST>
		<TYPE>Function</TYPE>
		<ID>$$LicenseInfo</ID>
	</HEADER>
	<BODY>
		<DESC>
			<FUNCPARAMLIST>
				<PARAM>Serial Number</PARAM>
			</FUNCPARAMLIST>
		</DESC>
	</BODY>
</ENVELOPE>
<ENVELOPE>
	<HEADER>
		<VERSION>1</VERSION>
		<TALLYREQUEST>Export</TALLYREQUEST>
		<TYPE>Function</TYPE>
		<ID>$$LicenseInfo</ID>
	</HEADER>
	<BODY>
		<DESC>
			<FUNCPARAMLIST>
				<PARAM>Serial Number</PARAM>
			</FUNCPARAMLIST>
		</DESC>
	</BODY>
</ENVELOPE>
<ENVELOPE>
	<HEADER>
		<VERSION>1</VERSION>
		<TALLYREQUEST>Export</TALLYREQUEST>
		<TYPE>Collection</TYPE>
		<ID>Collection of Ledgers</ID>
	</HEADER>
	<BODY>
		<DESC>
			<STATICVARIABLES>
				<SVFROMDATE TYPE="Date">01-Jan-1970</SVFROMDATE>
				<SVTODATE TYPE="Date">01-Jan-1970</SVTODATE>
				<SVEXPORTFORMAT>$$SysName:XML</SVEXPORTFORMAT>
			</STATICVARIABLES>
			<TDL>
				<TDLMESSAGE>
					<COLLECTION NAME="Collection of Ledgers" ISMODIFY="No">
						<TYPE>Company</TYPE>
						<FETCH>GUID,ALTERID,MASTERID,GUID,NAME</FETCH>
						<FILTERS>CompanyNameFilter,GroupFilter</FILTERS>
					</COLLECTION>
					<SYSTEM TYPE="FORMULAE" NAME="CompanyNameFilter">$name =  "GST Dummy Co Pvt Ltd" </SYSTEM>
					<SYSTEM TYPE="FORMULAE" NAME="GroupFilter">$isaggregate =  "No" </SYSTEM>
				</TDLMESSAGE>
			</TDL>
		</DESC>
	</BODY>
</ENVELOPE>
<ENVELOPE>
	<HEADER>
		<VERSION>1</VERSION>
		<TALLYREQUEST>Export</TALLYREQUEST>
		<TYPE>Collection</TYPE>
		<ID>Collection of Ledgers</ID>
	</HEADER>
	<BODY>
		<DESC>
			<STATICVARIABLES>
				<SVCURRENTCOMPANY>GST Dummy Co Pvt Ltd</SVCURRENTCOMPANY>
				<SVFROMDATE TYPE="Date">01-Apr-2017</SVFROMDATE>
				<SVTODATE TYPE="Date">19-Apr-2023</SVTODATE>
				<SVEXPORTFORMAT>$$SysName:XML</SVEXPORTFORMAT>
			</STATICVARIABLES>
			<TDL>
				<TDLMESSAGE>
					<COLLECTION NAME="Collection of Ledgers" ISMODIFY="No">
						<TYPE>StockItem</TYPE>
						<FETCH>GUID,ALTERID,MASTERID,NAME,GUID,PARENT,CATEGORY,OPENINGBALANCE,OPENINGVALUE,CLOSINGBALANCE,CLOSINGVALUE,BASEUNITS,ADDITIONALUNITS,DENOMINATOR,CONVERSION,BATCHALLOCATIONS.LIST,LASTSALEDATE,GSTDETAILS.LIST,GSTAPPLICABLE,LANGUAGENAME.LIST,MAILINGNAME.LIST,REORDERBASE,MINIMUMORDERBASE,FULLPRICELIST.LIST,STANDARDCOSTLIST.LIST,STANDARDPRICELIST.LIST,DESCRIPTION,IGNOREPHYSICALDIFFERENCE,COSTINGMETHOD,VALUATIONMETHOD,ISCOSTCENTRESON,ISPERISHABLEON,MRPDETAILS.LIST,VATDETAILS.LIST,VATAPPLICABLE,REORDERASHIGHER,MINORDERASHIGHE,GSTTYPEOFSUPPLY</FETCH>
						<FILTERS>AlterId</FILTERS>
					</COLLECTION>
					<SYSTEM TYPE="FORMULAE" NAME="AlterId">$alterid &gt; 698 AND $alterid &lt;= 699</SYSTEM>
				</TDLMESSAGE>
			</TDL>
		</DESC>
	</BODY>
</ENVELOPE>
<ENVELOPE>
	<HEADER>
		<VERSION>1</VERSION>
		<TALLYREQUEST>Export</TALLYREQUEST>
		<TYPE>Function</TYPE>
		<ID>$$LicenseInfo</ID>
	</HEADER>
	<BODY>
		<DESC>
			<FUNCPARAMLIST>
				<PARAM>Serial Number</PARAM>
			</FUNCPARAMLIST>
		</DESC>
	</BODY>
</ENVELOPE>
<ENVELOPE>
	<HEADER>
		<VERSION>1</VERSION>
		<TALLYREQUEST>Export</TALLYREQUEST>
		<TYPE>Function</TYPE>
		<ID>$$ProdInfo</ID>
	</HEADER>
	<BODY>
		<DESC>
			<FUNCPARAMLIST>
				<PARAM>Prod Build Number</PARAM>
			</FUNCPARAMLIST>
		</DESC>
	</BODY>
</ENVELOPE>
<ENVELOPE>
	<HEADER>
		<VERSION>1</VERSION>
		<TALLYREQUEST>Export</TALLYREQUEST>
		<TYPE>Function</TYPE>
		<ID>$$LicenseInfo</ID>
	</HEADER>
	<BODY>
		<DESC>
			<FUNCPARAMLIST>
				<PARAM>Serial Number</PARAM>
			</FUNCPARAMLIST>
		</DESC>
	</BODY>
</ENVELOPE>
<ENVELOPE>
	<HEADER>
		<VERSION>1</VERSION>
		<TALLYREQUEST>Export</TALLYREQUEST>
		<TYPE>Function</TYPE>
		<ID>$$LicenseInfo</ID>
	</HEADER>
	<BODY>
		<DESC>
			<FUNCPARAMLIST>
				<PARAM>Serial Number</PARAM>
			</FUNCPARAMLIST>
		</DESC>
	</BODY>
</ENVELOPE>
<ENVELOPE>
	<HEADER>
		<VERSION>1</VERSION>
		<TALLYREQUEST>Export</TALLYREQUEST>
		<TYPE>Function</TYPE>
		<ID>$$LicenseInfo</ID>
	</HEADER>
	<BODY>
		<DESC>
			<FUNCPARAMLIST>
				<PARAM>Serial Number</PARAM>
			</FUNCPARAMLIST>
		</DESC>
	</BODY>
</ENVELOPE>
<ENVELOPE>
	<HEADER>
		<VERSION>1</VERSION>
		<TALLYREQUEST>Export</TALLYREQUEST>
		<TYPE>Collection</TYPE>
		<ID>Collection of Ledgers</ID>
	</HEADER>
	<BODY>
		<DESC>
			<STATICVARIABLES>
				<SVFROMDATE TYPE="Date">01-Jan-1970</SVFROMDATE>
				<SVTODATE TYPE="Date">01-Jan-1970</SVTODATE>
				<SVEXPORTFORMAT>$$SysName:XML</SVEXPORTFORMAT>
			</STATICVARIABLES>
			<TDL>
				<TDLMESSAGE>
					<COLLECTION NAME="Collection of Ledgers" ISMODIFY="No">
						<TYPE>Company</TYPE>
						<FETCH>GUID,ALTERID,MASTERID,GUID,NAME</FETCH>
						<FILTERS>CompanyNameFilter,GroupFilter</FILTERS>
					</COLLECTION>
					<SYSTEM TYPE="FORMULAE" NAME="CompanyNameFilter">$name =  "GST Dummy Co Pvt Ltd" </SYSTEM>
					<SYSTEM TYPE="FORMULAE" NAME="GroupFilter">$isaggregate =  "No" </SYSTEM>
				</TDLMESSAGE>
			</TDL>
		</DESC>
	</BODY>
</ENVELOPE>
<ENVELOPE>
	<HEADER>
		<VERSION>1</VERSION>
		<TALLYREQUEST>Export</TALLYREQUEST>
		<TYPE>Collection</TYPE>
		<ID>Collection of Ledgers</ID>
	</HEADER>
	<BODY>
		<DESC>
			<STATICVARIABLES>
				<SVCURRENTCOMPANY>GST Dummy Co Pvt Ltd</SVCURRENTCOMPANY>
				<SVFROMDATE TYPE="Date">01-Apr-2017</SVFROMDATE>
				<SVTODATE TYPE="Date">19-Apr-2023</SVTODATE>
				<SVEXPORTFORMAT>$$SysName:XML</SVEXPORTFORMAT>
			</STATICVARIABLES>
			<TDL>
				<TDLMESSAGE>
					<COLLECTION NAME="Collection of Ledgers" ISMODIFY="No">
						<TYPE>GstClassification</TYPE>
						<FETCH>GUID,ALTERID,MASTERID,GUID,NAME,RESERVEDNAME,ISACTIVE,GSTDETAILS.LIST</FETCH>
						<FILTERS>AlterId</FILTERS>
					</COLLECTION>
					<SYSTEM TYPE="FORMULAE" NAME="AlterId">$alterid &gt; 698 AND $alterid &lt;= 699</SYSTEM>
				</TDLMESSAGE>
			</TDL>
		</DESC>
	</BODY>
</ENVELOPE>
<ENVELOPE>
	<HEADER>
		<VERSION>1</VERSION>
		<TALLYREQUEST>Export</TALLYREQUEST>
		<TYPE>Function</TYPE>
		<ID>$$LicenseInfo</ID>
	</HEADER>
	<BODY>
		<DESC>
			<FUNCPARAMLIST>
				<PARAM>Serial Number</PARAM>
			</FUNCPARAMLIST>
		</DESC>
	</BODY>
</ENVELOPE>
<ENVELOPE>
	<HEADER>
		<VERSION>1</VERSION>
		<TALLYREQUEST>Export</TALLYREQUEST>
		<TYPE>Function</TYPE>
		<ID>$$LicenseInfo</ID>
	</HEADER>
	<BODY>
		<DESC>
			<FUNCPARAMLIST>
				<PARAM>Serial Number</PARAM>
			</FUNCPARAMLIST>
		</DESC>
	</BODY>
</ENVELOPE>
<ENVELOPE>
	<HEADER>
		<VERSION>1</VERSION>
		<TALLYREQUEST>Export</TALLYREQUEST>
		<TYPE>Function</TYPE>
		<ID>$$LicenseInfo</ID>
	</HEADER>
	<BODY>
		<DESC>
			<FUNCPARAMLIST>
				<PARAM>Serial Number</PARAM>
			</FUNCPARAMLIST>
		</DESC>
	</BODY>
</ENVELOPE>
<ENVELOPE>
	<HEADER>
		<VERSION>1</VERSION>
		<TALLYREQUEST>Export</TALLYREQUEST>
		<TYPE>Collection</TYPE>
		<ID>Collection of Ledgers</ID>
	</HEADER>
	<BODY>
		<DESC>
			<STATICVARIABLES>
				<SVFROMDATE TYPE="Date">01-Jan-1970</SVFROMDATE>
				<SVTODATE TYPE="Date">01-Jan-1970</SVTODATE>
				<SVEXPORTFORMAT>$$SysName:XML</SVEXPORTFORMAT>
			</STATICVARIABLES>
			<TDL>
				<TDLMESSAGE>
					<COLLECTION NAME="Collection of Ledgers" ISMODIFY="No">
						<TYPE>Company</TYPE>
						<FETCH>GUID,ALTERID,MASTERID,GUID,NAME</FETCH>
						<FILTERS>CompanyNameFilter,GroupFilter</FILTERS>
					</COLLECTION>
					<SYSTEM TYPE="FORMULAE" NAME="CompanyNameFilter">$name =  "GST Dummy Co Pvt Ltd" </SYSTEM>
					<SYSTEM TYPE="FORMULAE" NAME="GroupFilter">$isaggregate =  "No" </SYSTEM>
				</TDLMESSAGE>
			</TDL>
		</DESC>
	</BODY>
</ENVELOPE>
<ENVELOPE>
	<HEADER>
		<VERSION>1</VERSION>
		<TALLYREQUEST>Export</TALLYREQUEST>
		<TYPE>Collection</TYPE>
		<ID>Collection of Ledgers</ID>
	</HEADER>
	<BODY>
		<DESC>
			<STATICVARIABLES>
				<SVCURRENTCOMPANY>GST Dummy Co Pvt Ltd</SVCURRENTCOMPANY>
				<SVFROMDATE TYPE="Date">01-Apr-2017</SVFROMDATE>
				<SVTODATE TYPE="Date">19-Apr-2023</SVTODATE>
				<SVEXPORTFORMAT>$$SysName:XML</SVEXPORTFORMAT>
			</STATICVARIABLES>
			<TDL>
				<TDLMESSAGE>
					<COLLECTION NAME="Collection of Ledgers" ISMODIFY="No">
						<TYPE>TdsRate</TYPE>
						<FETCH>GUID,ALTERID,MASTERID,GUID,NAME,RESERVEDNAME,ISACTIVE,CATEGORYDETAILS.LIST</FETCH>
						<FILTERS>AlterId</FILTERS>
					</COLLECTION>
					<SYSTEM TYPE="FORMULAE" NAME="AlterId">$alterid &gt; 698 AND $alterid &lt;= 699</SYSTEM>
				</TDLMESSAGE>
			</TDL>
		</DESC>
	</BODY>
</ENVELOPE>
<ENVELOPE>
	<HEADER>
		<VERSION>1</VERSION>
		<TALLYREQUEST>Export</TALLYREQUEST>
		<TYPE>Function</TYPE>
		<ID>$$LicenseInfo</ID>
	</HEADER>
	<BODY>
		<DESC>
			<FUNCPARAMLIST>
				<PARAM>Serial Number</PARAM>
			</FUNCPARAMLIST>
		</DESC>
	</BODY>
</ENVELOPE>
<ENVELOPE>
	<HEADER>
		<VERSION>1</VERSION>
		<TALLYREQUEST>Export</TALLYREQUEST>
		<TYPE>Function</TYPE>
		<ID>$$LicenseInfo</ID>
	</HEADER>
	<BODY>
		<DESC>
			<FUNCPARAMLIST>
				<PARAM>Serial Number</PARAM>
			</FUNCPARAMLIST>
		</DESC>
	</BODY>
</ENVELOPE>
<ENVELOPE>
	<HEADER>
		<VERSION>1</VERSION>
		<TALLYREQUEST>Export</TALLYREQUEST>
		<TYPE>Function</TYPE>
		<ID>$$LicenseInfo</ID>
	</HEADER>
	<BODY>
		<DESC>
			<FUNCPARAMLIST>
				<PARAM>Serial Number</PARAM>
			</FUNCPARAMLIST>
		</DESC>
	</BODY>
</ENVELOPE>
<ENVELOPE>
	<HEADER>
		<VERSION>1</VERSION>
		<TALLYREQUEST>Export</TALLYREQUEST>
		<TYPE>Collection</TYPE>
		<ID>Collection of Ledgers</ID>
	</HEADER>
	<BODY>
		<DESC>
			<STATICVARIABLES>
				<SVFROMDATE TYPE="Date">01-Jan-1970</SVFROMDATE>
				<SVTODATE TYPE="Date">01-Jan-1970</SVTODATE>
				<SVEXPORTFORMAT>$$SysName:XML</SVEXPORTFORMAT>
			</STATICVARIABLES>
			<TDL>
				<TDLMESSAGE>
					<COLLECTION NAME="Collection of Ledgers" ISMODIFY="No">
						<TYPE>Company</TYPE>
						<FETCH>GUID,ALTERID,MASTERID,GUID,NAME</FETCH>
						<FILTERS>CompanyNameFilter,GroupFilter</FILTERS>
					</COLLECTION>
					<SYSTEM TYPE="FORMULAE" NAME="CompanyNameFilter">$name =  "GST Dummy Co Pvt Ltd" </SYSTEM>
					<SYSTEM TYPE="FORMULAE" NAME="GroupFilter">$isaggregate =  "No" </SYSTEM>
				</TDLMESSAGE>
			</TDL>
		</DESC>
	</BODY>
</ENVELOPE>
<ENVELOPE>
	<HEADER>
		<VERSION>1</VERSION>
		<TALLYREQUEST>Export</TALLYREQUEST>
		<TYPE>Collection</TYPE>
		<ID>Collection of Ledgers</ID>
	</HEADER>
	<BODY>
		<DESC>
			<STATICVARIABLES>
				<SVCURRENTCOMPANY>GST Dummy Co Pvt Ltd</SVCURRENTCOMPANY>
				<SVFROMDATE TYPE="Date">01-Apr-2017</SVFROMDATE>
				<SVTODATE TYPE="Date">19-Apr-2023</SVTODATE>
				<SVEXPORTFORMAT>$$SysName:XML</SVEXPORTFORMAT>
			</STATICVARIABLES>
			<TDL>
				<TDLMESSAGE>
					<COLLECTION NAME="Collection of Ledgers" ISMODIFY="No">
						<TYPE>Ledger</TYPE>
						<FETCH>GUID,ALTERID,MASTERID,NAME,GUID,PARENT,LANGUAGENAME.LIST,ADDRESS.LIST,STATENAME,COUNTRYNAME,PINCODE,EMAIL,EMAILCC,LEDGERPHONE,LEDGERMOBILE,LEDGERCONTACT,LEDSTATENAME,OPENINGBALANCE,BILLALLOCATIONS.LIST,GSTREGISTRATIONTYPE,VATTINNUMBER,INTERSTATESTNUMBER,EXCISEREGNO,PARTYGSTIN,GSTDUTYHEAD,GSTDETAILS.LIST,GSTAPPROPRIATETO,TAXTYPE,GSTAPPLICABLE,APPROPRIATEFOR,GSTNATUREOFSUPPLY,GSTTYPEOFSUPPLY,RATEOFTAXCALCULATION,ISBILLWISEON,BILLCREDITPERIOD,CREDITLIMIT,PERFORMANCE,BANKDETAILS,BANKBRANCHNAME,BRANCHNAME,BANKACCHOLDERNAME,BANKBSRCODE,IFSCODE,BRANCHCODE,BANKINGCONFIGBANK,DESCRIPTION,PRICELEVEL,ROUNDINGMETHOD,ROUNDINGLIMIT,EXCISEALLOCTYPE</FETCH>
						<FILTERS>AlterId</FILTERS>
					</COLLECTION>
					<SYSTEM TYPE="FORMULAE" NAME="AlterId">$alterid &gt; 698 AND $alterid &lt;= 699</SYSTEM>
				</TDLMESSAGE>
			</TDL>
		</DESC>
	</BODY>
</ENVELOPE>
<ENVELOPE>
	<HEADER>
		<VERSION>1</VERSION>
		<TALLYREQUEST>Export</TALLYREQUEST>
		<TYPE>Function</TYPE>
		<ID>$$LicenseInfo</ID>
	</HEADER>
	<BODY>
		<DESC>
			<FUNCPARAMLIST>
				<PARAM>Serial Number</PARAM>
			</FUNCPARAMLIST>
		</DESC>
	</BODY>
</ENVELOPE>
<ENVELOPE>
	<HEADER>
		<VERSION>1</VERSION>
		<TALLYREQUEST>Export</TALLYREQUEST>
		<TYPE>Function</TYPE>
		<ID>$$LicenseInfo</ID>
	</HEADER>
	<BODY>
		<DESC>
			<FUNCPARAMLIST>
				<PARAM>Serial Number</PARAM>
			</FUNCPARAMLIST>
		</DESC>
	</BODY>
</ENVELOPE>
<ENVELOPE>
	<HEADER>
		<VERSION>1</VERSION>
		<TALLYREQUEST>Export</TALLYREQUEST>
		<TYPE>Function</TYPE>
		<ID>$$LicenseInfo</ID>
	</HEADER>
	<BODY>
		<DESC>
			<FUNCPARAMLIST>
				<PARAM>Serial Number</PARAM>
			</FUNCPARAMLIST>
		</DESC>
	</BODY>
</ENVELOPE>
<ENVELOPE>
	<HEADER>
		<VERSION>1</VERSION>
		<TALLYREQUEST>Export</TALLYREQUEST>
		<TYPE>Collection</TYPE>
		<ID>Collection of Ledgers</ID>
	</HEADER>
	<BODY>
		<DESC>
			<STATICVARIABLES>
				<SVFROMDATE TYPE="Date">01-Jan-1970</SVFROMDATE>
				<SVTODATE TYPE="Date">01-Jan-1970</SVTODATE>
				<SVEXPORTFORMAT>$$SysName:XML</SVEXPORTFORMAT>
			</STATICVARIABLES>
			<TDL>
				<TDLMESSAGE>
					<COLLECTION NAME="Collection of Ledgers" ISMODIFY="No">
						<TYPE>Company</TYPE>
						<FETCH>GUID,ALTERID,MASTERID,GUID,NAME</FETCH>
						<FILTERS>CompanyNameFilter,GroupFilter</FILTERS>
					</COLLECTION>
					<SYSTEM TYPE="FORMULAE" NAME="CompanyNameFilter">$name =  "GST Dummy Co Pvt Ltd" </SYSTEM>
					<SYSTEM TYPE="FORMULAE" NAME="GroupFilter">$isaggregate =  "No" </SYSTEM>
				</TDLMESSAGE>
			</TDL>
		</DESC>
	</BODY>
</ENVELOPE>
<ENVELOPE>
	<HEADER>
		<VERSION>1</VERSION>
		<TALLYREQUEST>Export</TALLYREQUEST>
		<TYPE>Collection</TYPE>
		<ID>Collection of Ledgers</ID>
	</HEADER>
	<BODY>
		<DESC>
			<STATICVARIABLES>
				<SVCURRENTCOMPANY>GST Dummy Co Pvt Ltd</SVCURRENTCOMPANY>
				<SVFROMDATE TYPE="Date">01-Apr-2017</SVFROMDATE>
				<SVTODATE TYPE="Date">19-Apr-2023</SVTODATE>
				<SVEXPORTFORMAT>$$SysName:XML</SVEXPORTFORMAT>
			</STATICVARIABLES>
			<TDL>
				<TDLMESSAGE>
					<COLLECTION NAME="Collection of Ledgers" ISMODIFY="No">
						<TYPE>Voucher</TYPE>
						<FETCH>GUID,ALTERID,MASTERID,ISOPTIONAL,ISDELETED,ISCANCELLED,DATE,REFERENCEDATE,VOUCHERTYPENAME,VOUCHERNUMBER,REFERENCE,NARRATION,PARTYNAME,PARTYLEDGERNAME,ENTEREDBY,EFFECTIVEDATE,COSTCENTRENAME,AUTOCOSTLEVEL,PARTYGSTIN,BILLOFLADINGNO,BILLOFLADINGDATE,BASICSHIPVESSELNO,PLACEOFSUPPLY,BASICSHIPPEDBY,BASICSHIPDOCUMENTNO,BASICFINALDESTINATION,BASICORDERTERMS.LIST,BASICDUEDATEOFPYMT,BASICORDERREF,ISPOSTDATED,HASCASHFLOW,ISINVOICE,ISCOSTCENTRE,HASDISCOUNTS,ISVOID,ISONHOLD,ISDEEMEDPOSITIVE,ALLLEDGERENTRIES.LIST,LEDGERENTRIES.LIST,ALLINVENTORYENTRIES.LIST,INVENTORYENTRIES.LIST,BASICBUYERADDRESS.LIST,BASICBUYERNAME,CONSIGNEECSTNUMBER,CONSIGNEEGSTIN,CONSIGNEEPINCODE,ADDRESS.LIST,BUYERSCSTNUMBER,BASICBUYERSSALESTAXNO,TRADERCONSVATTINNO.LIST,PARTYPINCODE,VOUCHERDESTINATIONGODOWN,VOUCHERSOURCEGODOWN,INVOICEDELNOTES.LIST,CATEGORYENTRY.LIST,CATEGORYALLOCATIONS.LIST,INVENTORYENTRIESIN.LIST,INVENTORYENTRIESOUT.LIST,INVOICEORDERLIST.LIST,EWAYBILLDETAILS.LIST,IRN,IRNACKNO,IRNACKDATE,IRNQRCODE,IRNCANCELLED</FETCH>
						<FILTERS>AlterId</FILTERS>
					</COLLECTION>
					<SYSTEM TYPE="FORMULAE" NAME="AlterId">$alterid &gt; 75 AND $alterid &lt;= 76</SYSTEM>
				</TDLMESSAGE>
			</TDL>
		</DESC>
	</BODY>
</ENVELOPE>
<ENVELOPE>
	<HEADER>
		<VERSION>1</VERSION>
		<TALLYREQUEST>Export</TALLYREQUEST>
		<TYPE>Function</TYPE>
		<ID>$$LicenseInfo</ID>
	</HEADER>
	<BODY>
		<DESC>
			<FUNCPARAMLIST>
				<PARAM>Serial Number</PARAM>
			</FUNCPARAMLIST>
		</DESC>
	</BODY>
</ENVELOPE>
<ENVELOPE>
	<HEADER>
		<VERSION>1</VERSION>
		<TALLYREQUEST>Export</TALLYREQUEST>
		<TYPE>Function</TYPE>
		<ID>$$LicenseInfo</ID>
	</HEADER>
	<BODY>
		<DESC>
			<FUNCPARAMLIST>
				<PARAM>Serial Number</PARAM>
			</FUNCPARAMLIST>
		</DESC>
	</BODY>
</ENVELOPE>
<ENVELOPE>
	<HEADER>
		<VERSION>1</VERSION>
		<TALLYREQUEST>Export</TALLYREQUEST>
		<TYPE>Function</TYPE>
		<ID>$$LicenseInfo</ID>
	</HEADER>
	<BODY>
		<DESC>
			<FUNCPARAMLIST>
				<PARAM>Serial Number</PARAM>
			</FUNCPARAMLIST>
		</DESC>
	</BODY>
</ENVELOPE>
<ENVELOPE>
	<HEADER>
		<VERSION>1</VERSION>
		<TALLYREQUEST>Export</TALLYREQUEST>
		<TYPE>Collection</TYPE>
		<ID>Collection of Ledgers</ID>
	</HEADER>
	<BODY>
		<DESC>
			<STATICVARIABLES>
				<SVFROMDATE TYPE="Date">01-Jan-1970</SVFROMDATE>
				<SVTODATE TYPE="Date">01-Jan-1970</SVTODATE>
				<SVEXPORTFORMAT>$$SysName:XML</SVEXPORTFORMAT>
			</STATICVARIABLES>
			<TDL>
				<TDLMESSAGE>
					<COLLECTION NAME="Collection of Ledgers" ISMODIFY="No">
						<TYPE>Company</TYPE>
						<FETCH>GUID,ALTERID,MASTERID,GUID,NAME</FETCH>
						<FILTERS>CompanyNameFilter,GroupFilter</FILTERS>
					</COLLECTION>
					<SYSTEM TYPE="FORMULAE" NAME="CompanyNameFilter">$name =  "GST Dummy Co Pvt Ltd" </SYSTEM>
					<SYSTEM TYPE="FORMULAE" NAME="GroupFilter">$isaggregate =  "No" </SYSTEM>
				</TDLMESSAGE>
			</TDL>
		</DESC>
	</BODY>
</ENVELOPE>
<ENVELOPE>
	<HEADER>
		<VERSION>1</VERSION>
		<TALLYREQUEST>Export</TALLYREQUEST>
		<TYPE>Collection</TYPE>
		<ID>Collection of Ledgers</ID>
	</HEADER>
	<BODY>
		<DESC>
			<STATICVARIABLES>
				<SVCURRENTCOMPANY>GST Dummy Co Pvt Ltd</SVCURRENTCOMPANY>
				<SVFROMDATE TYPE="Date">01-Apr-2017</SVFROMDATE>
				<SVTODATE TYPE="Date">19-Apr-2023</SVTODATE>
				<SVEXPORTFORMAT>$$SysName:XML</SVEXPORTFORMAT>
			</STATICVARIABLES>
			<TDL>
				<TDLMESSAGE>
					<COLLECTION NAME="Collection of Ledgers" ISMODIFY="No">
						<TYPE>StockItem</TYPE>
						<FETCH>GUID,ALTERID,MASTERID,CLOSINGBALANCE,CLOSINGVALUE</FETCH>
						<FILTERS>MasterId</FILTERS>
					</COLLECTION>
					<SYSTEM TYPE="FORMULAE" NAME="MasterId">$masterId = 185</SYSTEM>
				</TDLMESSAGE>
			</TDL>
		</DESC>
	</BODY>
</ENVELOPE>
<ENVELOPE>
	<HEADER>
		<VERSION>1</VERSION>
		<TALLYREQUEST>Export</TALLYREQUEST>
		<TYPE>Function</TYPE>
		<ID>$$LicenseInfo</ID>
	</HEADER>
	<BODY>
		<DESC>
			<FUNCPARAMLIST>
				<PARAM>Serial Number</PARAM>
			</FUNCPARAMLIST>
		</DESC>
	</BODY>
</ENVELOPE>
<ENVELOPE>
	<HEADER>
		<VERSION>1</VERSION>
		<TALLYREQUEST>Export</TALLYREQUEST>
		<TYPE>Function</TYPE>
		<ID>$$LicenseInfo</ID>
	</HEADER>
	<BODY>
		<DESC>
			<FUNCPARAMLIST>
				<PARAM>Serial Number</PARAM>
			</FUNCPARAMLIST>
		</DESC>
	</BODY>
</ENVELOPE>
<ENVELOPE>
	<HEADER>
		<VERSION>1</VERSION>
		<TALLYREQUEST>Export</TALLYREQUEST>
		<TYPE>Function</TYPE>
		<ID>$$LicenseInfo</ID>
	</HEADER>
	<BODY>
		<DESC>
			<FUNCPARAMLIST>
				<PARAM>Serial Number</PARAM>
			</FUNCPARAMLIST>
		</DESC>
	</BODY>
</ENVELOPE>
<ENVELOPE>
	<HEADER>
		<VERSION>1</VERSION>
		<TALLYREQUEST>Export</TALLYREQUEST>
		<TYPE>Function</TYPE>
		<ID>$$LicenseInfo</ID>
	</HEADER>
	<BODY>
		<DESC>
			<FUNCPARAMLIST>
				<PARAM>Serial Number</PARAM>
			</FUNCPARAMLIST>
		</DESC>
	</BODY>
</ENVELOPE>
<ENVELOPE>
	<HEADER>
		<VERSION>1</VERSION>
		<TALLYREQUEST>Export</TALLYREQUEST>
		<TYPE>Function</TYPE>
		<ID>$$LicenseInfo</ID>
	</HEADER>
	<BODY>
		<DESC>
			<FUNCPARAMLIST>
				<PARAM>Serial Number</PARAM>
			</FUNCPARAMLIST>
		</DESC>
	</BODY>
</ENVELOPE>
<ENVELOPE>
	<HEADER>
		<VERSION>1</VERSION>
		<TALLYREQUEST>Export</TALLYREQUEST>
		<TYPE>Function</TYPE>
		<ID>$$LicenseInfo</ID>
	</HEADER>
	<BODY>
		<DESC>
			<FUNCPARAMLIST>
				<PARAM>Serial Number</PARAM>
			</FUNCPARAMLIST>
		</DESC>
	</BODY>
</ENVELOPE>
<ENVELOPE>
	<HEADER>
		<VERSION>1</VERSION>
		<TALLYREQUEST>Export</TALLYREQUEST>
		<TYPE>Function</TYPE>
		<ID>$$LicenseInfo</ID>
	</HEADER>
	<BODY>
		<DESC>
			<FUNCPARAMLIST>
				<PARAM>Serial Number</PARAM>
			</FUNCPARAMLIST>
		</DESC>
	</BODY>
</ENVELOPE>
<ENVELOPE>
	<HEADER>
		<VERSION>1</VERSION>
		<TALLYREQUEST>Export</TALLYREQUEST>
		<TYPE>Collection</TYPE>
		<ID>Collection of Ledgers</ID>
	</HEADER>
	<BODY>
		<DESC>
			<STATICVARIABLES>
				<SVFROMDATE TYPE="Date">01-Jan-1970</SVFROMDATE>
				<SVTODATE TYPE="Date">01-Jan-1970</SVTODATE>
				<SVEXPORTFORMAT>$$SysName:XML</SVEXPORTFORMAT>
			</STATICVARIABLES>
			<TDL>
				<TDLMESSAGE>
					<COLLECTION NAME="Collection of Ledgers" ISMODIFY="No">
						<TYPE>Company</TYPE>
						<FETCH>GUID,ALTERID,MASTERID,GUID,NAME,STATE,STARTINGFROM,BOOKSFROM,ENDINGAT,LASTVOUCHERDATE,CMPVCHID,ALTVCHID,ALTMSTID,ISAGGREGATE,BASICCOMPANYFORMALNAME,COMPANYCHEQUENAME,COMPANYCONTACTPERSON,COMPANYCONTACTNUMBER,EMAIL,WEBSITE,PHONENUMBER,CMPMOBNO,MOBILENO,_ADDRESS1,_ADDRESS2,_ADDRESS3,_ADDRESS4,_ADDRESS5,STATENAME,PINCODE,COUNTRYNAME,VATTINNUMBER,CORPORATEIDENTITYNO,UDF:CORPORATEIDENTITYNO,INTERSTATESTNUMBER,TANUMBER,STREGNUMBER,CMPPFCODE,INCOMETAXNUMBER,GSTREGISTRATIONTYPE,GSTAPPLICABLEDATE,ISGSTCESSON,GSTDETAILS.LIST,DESTINATION</FETCH>
						<FILTERS>GroupFilter</FILTERS>
					</COLLECTION>
					<SYSTEM TYPE="FORMULAE" NAME="GroupFilter">$isaggregate =  "No" </SYSTEM>
				</TDLMESSAGE>
			</TDL>
		</DESC>
	</BODY>
</ENVELOPE>
<ENVELOPE>
	<HEADER>
		<VERSION>1</VERSION>
		<TALLYREQUEST>Export</TALLYREQUEST>
		<TYPE>Function</TYPE>
		<ID>$$LicenseInfo</ID>
	</HEADER>
	<BODY>
		<DESC>
			<FUNCPARAMLIST>
				<PARAM>Serial Number</PARAM>
			</FUNCPARAMLIST>
		</DESC>
	</BODY>
</ENVELOPE>
<ENVELOPE>
	<HEADER>
		<VERSION>1</VERSION>
		<TALLYREQUEST>Export</TALLYREQUEST>
		<TYPE>Function</TYPE>
		<ID>$$ProdInfo</ID>
	</HEADER>
	<BODY>
		<DESC>
			<FUNCPARAMLIST>
				<PARAM>Prod Build Number</PARAM>
			</FUNCPARAMLIST>
		</DESC>
	</BODY>
</ENVELOPE>
<ENVELOPE>
	<HEADER>
		<VERSION>1</VERSION>
		<TALLYREQUEST>Export</TALLYREQUEST>
		<TYPE>Function</TYPE>
		<ID>$$LicenseInfo</ID>
	</HEADER>
	<BODY>
		<DESC>
			<FUNCPARAMLIST>
				<PARAM>Serial Number</PARAM>
			</FUNCPARAMLIST>
		</DESC>
	</BODY>
</ENVELOPE>
<ENVELOPE>
	<HEADER>
		<VERSION>1</VERSION>
		<TALLYREQUEST>EXPORT</TALLYREQUEST>
		<TYPE>Collection</TYPE>
		<ID>TestTestGstDetSum</ID>
	</HEADER>
	<BODY>
		<DESC>
			<STATICVARIABLES>
				<SVEXPORTFORMAT>$$SysName:XML</SVEXPORTFORMAT>
				<SVCURRENTCOMPANY>GST Dummy Co Pvt Ltd</SVCURRENTCOMPANY>
			</STATICVARIABLES>
			<TDL>
				<TDLMESSAGE>
					<COLLECTION NAME="TestTestGstDetSum" ISMODIFY="No">
						<TYPE>TaxUnit</TYPE>
						<WALK>GSTDetails</WALK>
						<COMPUTE>AppFrom:$ApplicableFrom</COMPUTE>
						<COMPUTE>EInvAppl:$IsGSTeInvApplicable</COMPUTE>
						<COMPUTE>EInvApplFrom:$GSTeInvApplicableDate</COMPUTE>
						<COMPUTE> GSTeInvBillFromPlace: $GSTeInvBillFromPlace </COMPUTE>
						<COMPUTE> GSTeInvReportPeriod:$GSTeInvReportPeriod </COMPUTE>
						<COMPUTE> IsGSTeInvInclEWayBill:$IsGSTeInvInclEWayBill </COMPUTE>
					</COLLECTION>
				</TDLMESSAGE>
			</TDL>
		</DESC>
	</BODY>
</ENVELOPE>
<ENVELOPE>
	<HEADER>
		<VERSION>1</VERSION>
		<TALLYREQUEST>Export</TALLYREQUEST>
		<TYPE>Function</TYPE>
		<ID>$$LicenseInfo</ID>
	</HEADER>
	<BODY>
		<DESC>
			<FUNCPARAMLIST>
				<PARAM>Serial Number</PARAM>
			</FUNCPARAMLIST>
		</DESC>
	</BODY>
</ENVELOPE>
<ENVELOPE>
	<HEADER>
		<VERSION>1</VERSION>
		<TALLYREQUEST>Export</TALLYREQUEST>
		<TYPE>Function</TYPE>
		<ID>$$LicenseInfo</ID>
	</HEADER>
	<BODY>
		<DESC>
			<FUNCPARAMLIST>
				<PARAM>Serial Number</PARAM>
			</FUNCPARAMLIST>
		</DESC>
	</BODY>
</ENVELOPE>
<ENVELOPE>
	<HEADER>
		<VERSION>1</VERSION>
		<TALLYREQUEST>Export</TALLYREQUEST>
		<TYPE>Collection</TYPE>
		<ID>Collection of Ledgers</ID>
	</HEADER>
	<BODY>
		<DESC>
			<STATICVARIABLES>
				<SVFROMDATE TYPE="Date">01-Jan-1970</SVFROMDATE>
				<SVTODATE TYPE="Date">01-Jan-1970</SVTODATE>
				<SVEXPORTFORMAT>$$SysName:XML</SVEXPORTFORMAT>
			</STATICVARIABLES>
			<TDL>
				<TDLMESSAGE>
					<COLLECTION NAME="Collection of Ledgers" ISMODIFY="No">
						<TYPE>Company</TYPE>
						<FETCH>GUID,ALTERID,MASTERID,GUID,NAME</FETCH>
						<FILTERS>CompanyNameFilter,GroupFilter</FILTERS>
					</COLLECTION>
					<SYSTEM TYPE="FORMULAE" NAME="CompanyNameFilter">$name =  "GST Dummy Co Pvt Ltd" </SYSTEM>
					<SYSTEM TYPE="FORMULAE" NAME="GroupFilter">$isaggregate =  "No" </SYSTEM>
				</TDLMESSAGE>
			</TDL>
		</DESC>
	</BODY>
</ENVELOPE>
<ENVELOPE>
	<HEADER>
		<VERSION>1</VERSION>
		<TALLYREQUEST>Export</TALLYREQUEST>
		<TYPE>Function</TYPE>
		<ID>$$LicenseInfo</ID>
	</HEADER>
	<BODY>
		<DESC>
			<FUNCPARAMLIST>
				<PARAM>Serial Number</PARAM>
			</FUNCPARAMLIST>
		</DESC>
	</BODY>
</ENVELOPE>
<ENVELOPE>
	<HEADER>
		<VERSION>1</VERSION>
		<TALLYREQUEST>Export</TALLYREQUEST>
		<TYPE>Collection</TYPE>
		<ID>Collection of Ledgers</ID>
	</HEADER>
	<BODY>
		<DESC>
			<STATICVARIABLES>
				<SVFROMDATE TYPE="Date">01-Jan-1970</SVFROMDATE>
				<SVTODATE TYPE="Date">01-Jan-1970</SVTODATE>
				<SVEXPORTFORMAT>$$SysName:XML</SVEXPORTFORMAT>
			</STATICVARIABLES>
			<TDL>
				<TDLMESSAGE>
					<COLLECTION NAME="Collection of Ledgers" ISMODIFY="No">
						<TYPE>Company</TYPE>
						<FETCH>GUID,ALTERID,MASTERID,GUID,NAME,STATE,STARTINGFROM,BOOKSFROM,ENDINGAT,LASTVOUCHERDATE,CMPVCHID,ALTVCHID,ALTMSTID,ISAGGREGATE,BASICCOMPANYFORMALNAME,COMPANYCHEQUENAME,COMPANYCONTACTPERSON,COMPANYCONTACTNUMBER,EMAIL,WEBSITE,PHONENUMBER,CMPMOBNO,MOBILENO,_ADDRESS1,_ADDRESS2,_ADDRESS3,_ADDRESS4,_ADDRESS5,STATENAME,PINCODE,COUNTRYNAME,VATTINNUMBER,CORPORATEIDENTITYNO,UDF:CORPORATEIDENTITYNO,INTERSTATESTNUMBER,TANUMBER,STREGNUMBER,CMPPFCODE,INCOMETAXNUMBER,GSTREGISTRATIONTYPE,GSTAPPLICABLEDATE,ISGSTCESSON,GSTDETAILS.LIST,DESTINATION</FETCH>
						<FILTERS>CompanyNameFilter,GroupFilter</FILTERS>
					</COLLECTION>
					<SYSTEM TYPE="FORMULAE" NAME="CompanyNameFilter">$name =  "GST Dummy Co Pvt Ltd" </SYSTEM>
					<SYSTEM TYPE="FORMULAE" NAME="GroupFilter">$isaggregate =  "No" </SYSTEM>
				</TDLMESSAGE>
			</TDL>
		</DESC>
	</BODY>
</ENVELOPE>
<ENVELOPE>
	<HEADER>
		<VERSION>1</VERSION>
		<TALLYREQUEST>Export</TALLYREQUEST>
		<TYPE>Function</TYPE>
		<ID>$$LicenseInfo</ID>
	</HEADER>
	<BODY>
		<DESC>
			<FUNCPARAMLIST>
				<PARAM>Serial Number</PARAM>
			</FUNCPARAMLIST>
		</DESC>
	</BODY>
</ENVELOPE>
<ENVELOPE>
	<HEADER>
		<VERSION>1</VERSION>
		<TALLYREQUEST>Export</TALLYREQUEST>
		<TYPE>Function</TYPE>
		<ID>$$ProdInfo</ID>
	</HEADER>
	<BODY>
		<DESC>
			<FUNCPARAMLIST>
				<PARAM>Prod Build Number</PARAM>
			</FUNCPARAMLIST>
		</DESC>
	</BODY>
</ENVELOPE>
<ENVELOPE>
	<HEADER>
		<VERSION>1</VERSION>
		<TALLYREQUEST>Export</TALLYREQUEST>
		<TYPE>Function</TYPE>
		<ID>$$LicenseInfo</ID>
	</HEADER>
	<BODY>
		<DESC>
			<FUNCPARAMLIST>
				<PARAM>Serial Number</PARAM>
			</FUNCPARAMLIST>
		</DESC>
	</BODY>
</ENVELOPE>
<ENVELOPE>
	<HEADER>
		<VERSION>1</VERSION>
		<TALLYREQUEST>EXPORT</TALLYREQUEST>
		<TYPE>Collection</TYPE>
		<ID>TestTestGstDetSum</ID>
	</HEADER>
	<BODY>
		<DESC>
			<STATICVARIABLES>
				<SVEXPORTFORMAT>$$SysName:XML</SVEXPORTFORMAT>
				<SVCURRENTCOMPANY>GST Dummy Co Pvt Ltd</SVCURRENTCOMPANY>
			</STATICVARIABLES>
			<TDL>
				<TDLMESSAGE>
					<COLLECTION NAME="TestTestGstDetSum" ISMODIFY="No">
						<TYPE>TaxUnit</TYPE>
						<WALK>GSTDetails</WALK>
						<COMPUTE>AppFrom:$ApplicableFrom</COMPUTE>
						<COMPUTE>EInvAppl:$IsGSTeInvApplicable</COMPUTE>
						<COMPUTE>EInvApplFrom:$GSTeInvApplicableDate</COMPUTE>
						<COMPUTE> GSTeInvBillFromPlace: $GSTeInvBillFromPlace </COMPUTE>
						<COMPUTE> GSTeInvReportPeriod:$GSTeInvReportPeriod </COMPUTE>
						<COMPUTE> IsGSTeInvInclEWayBill:$IsGSTeInvInclEWayBill </COMPUTE>
					</COLLECTION>
				</TDLMESSAGE>
			</TDL>
		</DESC>
	</BODY>
</ENVELOPE>
<ENVELOPE>
	<HEADER>
		<VERSION>1</VERSION>
		<TALLYREQUEST>Export</TALLYREQUEST>
		<TYPE>Function</TYPE>
		<ID>$$LicenseInfo</ID>
	</HEADER>
	<BODY>
		<DESC>
			<FUNCPARAMLIST>
				<PARAM>Serial Number</PARAM>
			</FUNCPARAMLIST>
		</DESC>
	</BODY>
</ENVELOPE>
<ENVELOPE>
	<HEADER>
		<VERSION>1</VERSION>
		<TALLYREQUEST>Export</TALLYREQUEST>
		<TYPE>Function</TYPE>
		<ID>$$LicenseInfo</ID>
	</HEADER>
	<BODY>
		<DESC>
			<FUNCPARAMLIST>
				<PARAM>Serial Number</PARAM>
			</FUNCPARAMLIST>
		</DESC>
	</BODY>
</ENVELOPE>
<ENVELOPE>
	<HEADER>
		<VERSION>1</VERSION>
		<TALLYREQUEST>Export</TALLYREQUEST>
		<TYPE>Collection</TYPE>
		<ID>Collection of Ledgers</ID>
	</HEADER>
	<BODY>
		<DESC>
			<STATICVARIABLES>
				<SVFROMDATE TYPE="Date">01-Jan-1970</SVFROMDATE>
				<SVTODATE TYPE="Date">01-Jan-1970</SVTODATE>
				<SVEXPORTFORMAT>$$SysName:XML</SVEXPORTFORMAT>
			</STATICVARIABLES>
			<TDL>
				<TDLMESSAGE>
					<COLLECTION NAME="Collection of Ledgers" ISMODIFY="No">
						<TYPE>Company</TYPE>
						<FETCH>GUID,ALTERID,MASTERID,GUID,NAME</FETCH>
						<FILTERS>CompanyNameFilter,GroupFilter</FILTERS>
					</COLLECTION>
					<SYSTEM TYPE="FORMULAE" NAME="CompanyNameFilter">$name =  "GST Dummy Co Pvt Ltd" </SYSTEM>
					<SYSTEM TYPE="FORMULAE" NAME="GroupFilter">$isaggregate =  "No" </SYSTEM>
				</TDLMESSAGE>
			</TDL>
		</DESC>
	</BODY>
</ENVELOPE>
<ENVELOPE>
	<HEADER>
		<VERSION>1</VERSION>
		<TALLYREQUEST>Export</TALLYREQUEST>
		<TYPE>Function</TYPE>
		<ID>$$LicenseInfo</ID>
	</HEADER>
	<BODY>
		<DESC>
			<FUNCPARAMLIST>
				<PARAM>Serial Number</PARAM>
			</FUNCPARAMLIST>
		</DESC>
	</BODY>
</ENVELOPE>
<ENVELOPE>
	<HEADER>
		<VERSION>1</VERSION>
		<TALLYREQUEST>Export</TALLYREQUEST>
		<TYPE>Collection</TYPE>
		<ID>Collection of Ledgers</ID>
	</HEADER>
	<BODY>
		<DESC>
			<STATICVARIABLES>
				<SVFROMDATE TYPE="Date">01-Jan-1970</SVFROMDATE>
				<SVTODATE TYPE="Date">01-Jan-1970</SVTODATE>
				<SVEXPORTFORMAT>$$SysName:XML</SVEXPORTFORMAT>
			</STATICVARIABLES>
			<TDL>
				<TDLMESSAGE>
					<COLLECTION NAME="Collection of Ledgers" ISMODIFY="No">
						<TYPE>Company</TYPE>
						<FETCH>GUID,ALTERID,MASTERID,GUID,NAME,STATE,STARTINGFROM,BOOKSFROM,ENDINGAT,LASTVOUCHERDATE,CMPVCHID,ALTVCHID,ALTMSTID,ISAGGREGATE,BASICCOMPANYFORMALNAME,COMPANYCHEQUENAME,COMPANYCONTACTPERSON,COMPANYCONTACTNUMBER,EMAIL,WEBSITE,PHONENUMBER,CMPMOBNO,MOBILENO,_ADDRESS1,_ADDRESS2,_ADDRESS3,_ADDRESS4,_ADDRESS5,STATENAME,PINCODE,COUNTRYNAME,VATTINNUMBER,CORPORATEIDENTITYNO,UDF:CORPORATEIDENTITYNO,INTERSTATESTNUMBER,TANUMBER,STREGNUMBER,CMPPFCODE,INCOMETAXNUMBER,GSTREGISTRATIONTYPE,GSTAPPLICABLEDATE,ISGSTCESSON,GSTDETAILS.LIST,DESTINATION</FETCH>
						<FILTERS>CompanyNameFilter,GroupFilter</FILTERS>
					</COLLECTION>
					<SYSTEM TYPE="FORMULAE" NAME="CompanyNameFilter">$name =  "GST Dummy Co Pvt Ltd" </SYSTEM>
					<SYSTEM TYPE="FORMULAE" NAME="GroupFilter">$isaggregate =  "No" </SYSTEM>
				</TDLMESSAGE>
			</TDL>
		</DESC>
	</BODY>
</ENVELOPE>
<ENVELOPE>
	<HEADER>
		<VERSION>1</VERSION>
		<TALLYREQUEST>Export</TALLYREQUEST>
		<TYPE>Function</TYPE>
		<ID>$$LicenseInfo</ID>
	</HEADER>
	<BODY>
		<DESC>
			<FUNCPARAMLIST>
				<PARAM>Serial Number</PARAM>
			</FUNCPARAMLIST>
		</DESC>
	</BODY>
</ENVELOPE>
<ENVELOPE>
	<HEADER>
		<VERSION>1</VERSION>
		<TALLYREQUEST>Export</TALLYREQUEST>
		<TYPE>Function</TYPE>
		<ID>$$ProdInfo</ID>
	</HEADER>
	<BODY>
		<DESC>
			<FUNCPARAMLIST>
				<PARAM>Prod Build Number</PARAM>
			</FUNCPARAMLIST>
		</DESC>
	</BODY>
</ENVELOPE>
<ENVELOPE>
	<HEADER>
		<VERSION>1</VERSION>
		<TALLYREQUEST>Export</TALLYREQUEST>
		<TYPE>Function</TYPE>
		<ID>$$LicenseInfo</ID>
	</HEADER>
	<BODY>
		<DESC>
			<FUNCPARAMLIST>
				<PARAM>Serial Number</PARAM>
			</FUNCPARAMLIST>
		</DESC>
	</BODY>
</ENVELOPE>
<ENVELOPE>
	<HEADER>
		<VERSION>1</VERSION>
		<TALLYREQUEST>EXPORT</TALLYREQUEST>
		<TYPE>Collection</TYPE>
		<ID>TestTestGstDetSum</ID>
	</HEADER>
	<BODY>
		<DESC>
			<STATICVARIABLES>
				<SVEXPORTFORMAT>$$SysName:XML</SVEXPORTFORMAT>
				<SVCURRENTCOMPANY>GST Dummy Co Pvt Ltd</SVCURRENTCOMPANY>
			</STATICVARIABLES>
			<TDL>
				<TDLMESSAGE>
					<COLLECTION NAME="TestTestGstDetSum" ISMODIFY="No">
						<TYPE>TaxUnit</TYPE>
						<WALK>GSTDetails</WALK>
						<COMPUTE>AppFrom:$ApplicableFrom</COMPUTE>
						<COMPUTE>EInvAppl:$IsGSTeInvApplicable</COMPUTE>
						<COMPUTE>EInvApplFrom:$GSTeInvApplicableDate</COMPUTE>
						<COMPUTE> GSTeInvBillFromPlace: $GSTeInvBillFromPlace </COMPUTE>
						<COMPUTE> GSTeInvReportPeriod:$GSTeInvReportPeriod </COMPUTE>
						<COMPUTE> IsGSTeInvInclEWayBill:$IsGSTeInvInclEWayBill </COMPUTE>
					</COLLECTION>
				</TDLMESSAGE>
			</TDL>
		</DESC>
	</BODY>
</ENVELOPE>
<ENVELOPE>
	<HEADER>
		<VERSION>1</VERSION>
		<TALLYREQUEST>Export</TALLYREQUEST>
		<TYPE>Function</TYPE>
		<ID>$$LicenseInfo</ID>
	</HEADER>
	<BODY>
		<DESC>
			<FUNCPARAMLIST>
				<PARAM>Serial Number</PARAM>
			</FUNCPARAMLIST>
		</DESC>
	</BODY>
</ENVELOPE>
<?xml version="1.0" encoding="UTF-8"?>
<ENVELOPE>
	<HEADER>
		<VERSION>1</VERSION>
		<TALLYREQUEST>Import</TALLYREQUEST>
		<TYPE>Data</TYPE>
		<ID>Vouchers</ID>
	</HEADER>
	<BODY>
		<DESC>
			<STATICVARIABLES>
				<SVCURRENTCOMPANY>GST Dummy Co Pvt Ltd</SVCURRENTCOMPANY>
			</STATICVARIABLES>
		</DESC>
		<DATA>
			<TALLYMESSAGE>
				<VOUCHER>
					<DATE>20230419</DATE>
					<PERSISTEDVIEW>Invoice Voucher View</PERSISTEDVIEW>
					<NARRATION>Created by Hussain H</NARRATION>
					<PARTYNAME>Manav Sales</PARTYNAME>
					<VOUCHERTYPENAME>Sales Order</VOUCHERTYPENAME>
					<PARTYGSTIN>454546546</PARTYGSTIN>
					<REFERENCE>0</REFERENCE>
					<PARTYLEDGERNAME>Manav Sales</PARTYLEDGERNAME>
					<BASICBASEPARTYNAME>Manav Sales</BASICBASEPARTYNAME>
					<BASICBUYERNAME>Manav Sales</BASICBUYERNAME>
					<VCHGSTCLASS/>
					<LEDGERENTRIES.LIST>
						<LEDGERNAME>Manav Sales</LEDGERNAME>
						<ISDEEMEDPOSITIVE>Yes</ISDEEMEDPOSITIVE>
						<ISLASTDEEMEDPOSITIVE>Yes</ISLASTDEEMEDPOSITIVE>
						<AMOUNT>-5250</AMOUNT>
						<LEDGERFROMITEM>No</LEDGERFROMITEM>
						<ISPARTYLEDGER>Yes</ISPARTYLEDGER>
					</LEDGERENTRIES.LIST>
					<LEDGERENTRIES.LIST>
						<LEDGERNAME>Input CGST @ 9%</LEDGERNAME>
						<GSTCLASS/>
						<ISDEEMEDPOSITIVE>No</ISDEEMEDPOSITIVE>
						<AMOUNT>125</AMOUNT>
						<VATEXPAMOUNT>125</VATEXPAMOUNT>
						<ISPARTYLEDGER>No</ISPARTYLEDGER>
					</LEDGERENTRIES.LIST>
					<LEDGERENTRIES.LIST>
						<LEDGERNAME>Input SGST @ 9%</LEDGERNAME>
						<GSTCLASS/>
						<ISDEEMEDPOSITIVE>No</ISDEEMEDPOSITIVE>
						<AMOUNT>125</AMOUNT>
						<VATEXPAMOUNT>125</VATEXPAMOUNT>
						<ISPARTYLEDGER>No</ISPARTYLEDGER>
					</LEDGERENTRIES.LIST>
					<ALLINVENTORYENTRIES.LIST>
						<STOCKITEMNAME>Packing Cover</STOCKITEMNAME>
						<ISDEEMEDPOSITIVE>No</ISDEEMEDPOSITIVE>
						<ISLASTDEEMEDPOSITIVE>No</ISLASTDEEMEDPOSITIVE>
						<AMOUNT>5000</AMOUNT>
						<RATE>500/pcs</RATE>
						<INCLVATRATE>0/pcs</INCLVATRATE>
						<ACTUALQTY>10 pcs</ACTUALQTY>
						<BILLEDQTY>10 pcs</BILLEDQTY>
						<BATCHALLOCATIONS.LIST>
							<GODOWNNAME>Main Location</GODOWNNAME>
							<ORDERNO>0</ORDERNO>
							<TRACKINGNUMBER/>
							<AMOUNT>5000</AMOUNT>
							<ACTUALQTY>10 pcs</ACTUALQTY>
							<BILLEDQTY>10 pcs</BILLEDQTY>
							<ORDERDUEDATE P="19-Apr-2023">19-Apr-2023</ORDERDUEDATE>
						</BATCHALLOCATIONS.LIST>
					</ALLINVENTORYENTRIES.LIST>
					<PARTYNAME>Manav Sales</PARTYNAME>
					<PARTYGSTIN>454546546</PARTYGSTIN>
					<STATENAME>West Bengal</STATENAME>
					<COUNTRYOFRESIDENCE>India</COUNTRYOFRESIDENCE>
					<BASICBUYERNAME>Manav Sales</BASICBUYERNAME>
					<CONSIGNEEGSTIN>454546546</CONSIGNEEGSTIN>
					<CONSIGNEESTATENAME>West Bengal</CONSIGNEESTATENAME>
				</VOUCHER>
			</TALLYMESSAGE>
		</DATA>
	</BODY>
</ENVELOPE>
<ENVELOPE>
	<HEADER>
		<VERSION>1</VERSION>
		<TALLYREQUEST>Export</TALLYREQUEST>
		<TYPE>Function</TYPE>
		<ID>$$LicenseInfo</ID>
	</HEADER>
	<BODY>
		<DESC>
			<FUNCPARAMLIST>
				<PARAM>Serial Number</PARAM>
			</FUNCPARAMLIST>
		</DESC>
	</BODY>
</ENVELOPE>
<ENVELOPE>
	<HEADER>
		<VERSION>1</VERSION>
		<TALLYREQUEST>Export</TALLYREQUEST>
		<TYPE>Function</TYPE>
		<ID>$$LicenseInfo</ID>
	</HEADER>
	<BODY>
		<DESC>
			<FUNCPARAMLIST>
				<PARAM>Serial Number</PARAM>
			</FUNCPARAMLIST>
		</DESC>
	</BODY>
</ENVELOPE>
<ENVELOPE>
	<HEADER>
		<VERSION>1</VERSION>
		<TALLYREQUEST>Export</TALLYREQUEST>
		<TYPE>Collection</TYPE>
		<ID>Collection of Ledgers</ID>
	</HEADER>
	<BODY>
		<DESC>
			<STATICVARIABLES>
				<SVFROMDATE TYPE="Date">01-Jan-1970</SVFROMDATE>
				<SVTODATE TYPE="Date">01-Jan-1970</SVTODATE>
				<SVEXPORTFORMAT>$$SysName:XML</SVEXPORTFORMAT>
			</STATICVARIABLES>
			<TDL>
				<TDLMESSAGE>
					<COLLECTION NAME="Collection of Ledgers" ISMODIFY="No">
						<TYPE>Company</TYPE>
						<FETCH>GUID,ALTERID,MASTERID,GUID,NAME</FETCH>
						<FILTERS>CompanyNameFilter,GroupFilter</FILTERS>
					</COLLECTION>
					<SYSTEM TYPE="FORMULAE" NAME="CompanyNameFilter">$name =  "GST Dummy Co Pvt Ltd" </SYSTEM>
					<SYSTEM TYPE="FORMULAE" NAME="GroupFilter">$isaggregate =  "No" </SYSTEM>
				</TDLMESSAGE>
			</TDL>
		</DESC>
	</BODY>
</ENVELOPE>
<ENVELOPE>
	<HEADER>
		<VERSION>1</VERSION>
		<TALLYREQUEST>Export</TALLYREQUEST>
		<TYPE>Function</TYPE>
		<ID>$$LicenseInfo</ID>
	</HEADER>
	<BODY>
		<DESC>
			<FUNCPARAMLIST>
				<PARAM>Serial Number</PARAM>
			</FUNCPARAMLIST>
		</DESC>
	</BODY>
</ENVELOPE>
<ENVELOPE>
	<HEADER>
		<VERSION>1</VERSION>
		<TALLYREQUEST>Export</TALLYREQUEST>
		<TYPE>Collection</TYPE>
		<ID>Collection of Ledgers</ID>
	</HEADER>
	<BODY>
		<DESC>
			<STATICVARIABLES>
				<SVFROMDATE TYPE="Date">01-Jan-1970</SVFROMDATE>
				<SVTODATE TYPE="Date">01-Jan-1970</SVTODATE>
				<SVEXPORTFORMAT>$$SysName:XML</SVEXPORTFORMAT>
			</STATICVARIABLES>
			<TDL>
				<TDLMESSAGE>
					<COLLECTION NAME="Collection of Ledgers" ISMODIFY="No">
						<TYPE>Company</TYPE>
						<FETCH>GUID,ALTERID,MASTERID,GUID,NAME,STATE,STARTINGFROM,BOOKSFROM,ENDINGAT,LASTVOUCHERDATE,CMPVCHID,ALTVCHID,ALTMSTID,ISAGGREGATE,BASICCOMPANYFORMALNAME,COMPANYCHEQUENAME,COMPANYCONTACTPERSON,COMPANYCONTACTNUMBER,EMAIL,WEBSITE,PHONENUMBER,CMPMOBNO,MOBILENO,_ADDRESS1,_ADDRESS2,_ADDRESS3,_ADDRESS4,_ADDRESS5,STATENAME,PINCODE,COUNTRYNAME,VATTINNUMBER,CORPORATEIDENTITYNO,UDF:CORPORATEIDENTITYNO,INTERSTATESTNUMBER,TANUMBER,STREGNUMBER,CMPPFCODE,INCOMETAXNUMBER,GSTREGISTRATIONTYPE,GSTAPPLICABLEDATE,ISGSTCESSON,GSTDETAILS.LIST,DESTINATION</FETCH>
						<FILTERS>CompanyNameFilter,GroupFilter</FILTERS>
					</COLLECTION>
					<SYSTEM TYPE="FORMULAE" NAME="CompanyNameFilter">$name =  "GST Dummy Co Pvt Ltd" </SYSTEM>
					<SYSTEM TYPE="FORMULAE" NAME="GroupFilter">$isaggregate =  "No" </SYSTEM>
				</TDLMESSAGE>
			</TDL>
		</DESC>
	</BODY>
</ENVELOPE>
<ENVELOPE>
	<HEADER>
		<VERSION>1</VERSION>
		<TALLYREQUEST>Export</TALLYREQUEST>
		<TYPE>Function</TYPE>
		<ID>$$LicenseInfo</ID>
	</HEADER>
	<BODY>
		<DESC>
			<FUNCPARAMLIST>
				<PARAM>Serial Number</PARAM>
			</FUNCPARAMLIST>
		</DESC>
	</BODY>
</ENVELOPE>
<ENVELOPE>
	<HEADER>
		<VERSION>1</VERSION>
		<TALLYREQUEST>Export</TALLYREQUEST>
		<TYPE>Function</TYPE>
		<ID>$$ProdInfo</ID>
	</HEADER>
	<BODY>
		<DESC>
			<FUNCPARAMLIST>
				<PARAM>Prod Build Number</PARAM>
			</FUNCPARAMLIST>
		</DESC>
	</BODY>
</ENVELOPE>
<ENVELOPE>
	<HEADER>
		<VERSION>1</VERSION>
		<TALLYREQUEST>Export</TALLYREQUEST>
		<TYPE>Function</TYPE>
		<ID>$$LicenseInfo</ID>
	</HEADER>
	<BODY>
		<DESC>
			<FUNCPARAMLIST>
				<PARAM>Serial Number</PARAM>
			</FUNCPARAMLIST>
		</DESC>
	</BODY>
</ENVELOPE>
<ENVELOPE>
	<HEADER>
		<VERSION>1</VERSION>
		<TALLYREQUEST>EXPORT</TALLYREQUEST>
		<TYPE>Collection</TYPE>
		<ID>TestTestGstDetSum</ID>
	</HEADER>
	<BODY>
		<DESC>
			<STATICVARIABLES>
				<SVEXPORTFORMAT>$$SysName:XML</SVEXPORTFORMAT>
				<SVCURRENTCOMPANY>GST Dummy Co Pvt Ltd</SVCURRENTCOMPANY>
			</STATICVARIABLES>
			<TDL>
				<TDLMESSAGE>
					<COLLECTION NAME="TestTestGstDetSum" ISMODIFY="No">
						<TYPE>TaxUnit</TYPE>
						<WALK>GSTDetails</WALK>
						<COMPUTE>AppFrom:$ApplicableFrom</COMPUTE>
						<COMPUTE>EInvAppl:$IsGSTeInvApplicable</COMPUTE>
						<COMPUTE>EInvApplFrom:$GSTeInvApplicableDate</COMPUTE>
						<COMPUTE> GSTeInvBillFromPlace: $GSTeInvBillFromPlace </COMPUTE>
						<COMPUTE> GSTeInvReportPeriod:$GSTeInvReportPeriod </COMPUTE>
						<COMPUTE> IsGSTeInvInclEWayBill:$IsGSTeInvInclEWayBill </COMPUTE>
					</COLLECTION>
				</TDLMESSAGE>
			</TDL>
		</DESC>
	</BODY>
</ENVELOPE>
<ENVELOPE>
	<HEADER>
		<VERSION>1</VERSION>
		<TALLYREQUEST>Export</TALLYREQUEST>
		<TYPE>Function</TYPE>
		<ID>$$LicenseInfo</ID>
	</HEADER>
	<BODY>
		<DESC>
			<FUNCPARAMLIST>
				<PARAM>Serial Number</PARAM>
			</FUNCPARAMLIST>
		</DESC>
	</BODY>
</ENVELOPE>
<?xml version="1.0" encoding="UTF-8"?>
<ENVELOPE>
	<HEADER>
		<VERSION>1</VERSION>
		<TALLYREQUEST>Import</TALLYREQUEST>
		<TYPE>Data</TYPE>
		<ID>Vouchers</ID>
	</HEADER>
	<BODY>
		<DESC>
			<STATICVARIABLES>
				<SVCURRENTCOMPANY>GST Dummy Co Pvt Ltd</SVCURRENTCOMPANY>
			</STATICVARIABLES>
		</DESC>
		<DATA>
			<TALLYMESSAGE>
				<VOUCHER>
					<DATE>20230419</DATE>
					<PERSISTEDVIEW>Accounting Voucher View</PERSISTEDVIEW>
					<NARRATION>Created by Hussain H</NARRATION>
					<VOUCHERTYPENAME>Receipt</VOUCHERTYPENAME>
					<ALLLEDGERENTRIES.LIST>
						<LEDGERNAME>Buidling</LEDGERNAME>
						<ISDEEMEDPOSITIVE>No</ISDEEMEDPOSITIVE>
						<AMOUNT>5000</AMOUNT>
						<BILLALLOCATIONS.LIST>
							<BILLTYPE>On Account</BILLTYPE>
							<AMOUNT>5000</AMOUNT>
						</BILLALLOCATIONS.LIST>
					</ALLLEDGERENTRIES.LIST>
					<ALLLEDGERENTRIES.LIST>
						<LEDGERNAME>Cash</LEDGERNAME>
						<ISDEEMEDPOSITIVE>Yes</ISDEEMEDPOSITIVE>
						<AMOUNT>-5000</AMOUNT>
						<BANKALLOCATIONS.LIST>
							<TRANSACTIONTYPE>Cash</TRANSACTIONTYPE>
							<ISDEEMEDPOSITIVE>Yes</ISDEEMEDPOSITIVE>
							<AMOUNT>-5000</AMOUNT>
						</BANKALLOCATIONS.LIST>
					</ALLLEDGERENTRIES.LIST>
				</VOUCHER>
			</TALLYMESSAGE>
		</DATA>
	</BODY>
</ENVELOPE>
<ENVELOPE>
	<HEADER>
		<VERSION>1</VERSION>
		<TALLYREQUEST>Export</TALLYREQUEST>
		<TYPE>Function</TYPE>
		<ID>$$LicenseInfo</ID>
	</HEADER>
	<BODY>
		<DESC>
			<FUNCPARAMLIST>
				<PARAM>Serial Number</PARAM>
			</FUNCPARAMLIST>
		</DESC>
	</BODY>
</ENVELOPE>
<ENVELOPE>
	<HEADER>
		<VERSION>1</VERSION>
		<TALLYREQUEST>Export</TALLYREQUEST>
		<TYPE>Collection</TYPE>
		<ID>Collection of Ledgers</ID>
	</HEADER>
	<BODY>
		<DESC>
			<STATICVARIABLES>
				<SVFROMDATE TYPE="Date">01-Jan-1970</SVFROMDATE>
				<SVTODATE TYPE="Date">01-Jan-1970</SVTODATE>
				<SVEXPORTFORMAT>$$SysName:XML</SVEXPORTFORMAT>
			</STATICVARIABLES>
			<TDL>
				<TDLMESSAGE>
					<COLLECTION NAME="Collection of Ledgers" ISMODIFY="No">
						<TYPE>Company</TYPE>
						<FETCH>GUID,ALTERID,MASTERID,GUID,NAME,STATE,STARTINGFROM,BOOKSFROM,ENDINGAT,LASTVOUCHERDATE,CMPVCHID,ALTVCHID,ALTMSTID,ISAGGREGATE,BASICCOMPANYFORMALNAME,COMPANYCHEQUENAME,COMPANYCONTACTPERSON,COMPANYCONTACTNUMBER,EMAIL,WEBSITE,PHONENUMBER,CMPMOBNO,MOBILENO,_ADDRESS1,_ADDRESS2,_ADDRESS3,_ADDRESS4,_ADDRESS5,STATENAME,PINCODE,COUNTRYNAME,VATTINNUMBER,CORPORATEIDENTITYNO,UDF:CORPORATEIDENTITYNO,INTERSTATESTNUMBER,TANUMBER,STREGNUMBER,CMPPFCODE,INCOMETAXNUMBER,GSTREGISTRATIONTYPE,GSTAPPLICABLEDATE,ISGSTCESSON,GSTDETAILS.LIST,DESTINATION</FETCH>
						<FILTERS>CompanyNameFilter,GroupFilter</FILTERS>
					</COLLECTION>
					<SYSTEM TYPE="FORMULAE" NAME="CompanyNameFilter">$name =  "GST Dummy Co Pvt Ltd" </SYSTEM>
					<SYSTEM TYPE="FORMULAE" NAME="GroupFilter">$isaggregate =  "No" </SYSTEM>
				</TDLMESSAGE>
			</TDL>
		</DESC>
	</BODY>
</ENVELOPE>
<ENVELOPE>
	<HEADER>
		<VERSION>1</VERSION>
		<TALLYREQUEST>Export</TALLYREQUEST>
		<TYPE>Function</TYPE>
		<ID>$$LicenseInfo</ID>
	</HEADER>
	<BODY>
		<DESC>
			<FUNCPARAMLIST>
				<PARAM>Serial Number</PARAM>
			</FUNCPARAMLIST>
		</DESC>
	</BODY>
</ENVELOPE>
<ENVELOPE>
	<HEADER>
		<VERSION>1</VERSION>
		<TALLYREQUEST>Export</TALLYREQUEST>
		<TYPE>Function</TYPE>
		<ID>$$ProdInfo</ID>
	</HEADER>
	<BODY>
		<DESC>
			<FUNCPARAMLIST>
				<PARAM>Prod Build Number</PARAM>
			</FUNCPARAMLIST>
		</DESC>
	</BODY>
</ENVELOPE>
<ENVELOPE>
	<HEADER>
		<VERSION>1</VERSION>
		<TALLYREQUEST>Export</TALLYREQUEST>
		<TYPE>Function</TYPE>
		<ID>$$LicenseInfo</ID>
	</HEADER>
	<BODY>
		<DESC>
			<FUNCPARAMLIST>
				<PARAM>Serial Number</PARAM>
			</FUNCPARAMLIST>
		</DESC>
	</BODY>
</ENVELOPE>
<ENVELOPE>
	<HEADER>
		<VERSION>1</VERSION>
		<TALLYREQUEST>EXPORT</TALLYREQUEST>
		<TYPE>Collection</TYPE>
		<ID>TestTestGstDetSum</ID>
	</HEADER>
	<BODY>
		<DESC>
			<STATICVARIABLES>
				<SVEXPORTFORMAT>$$SysName:XML</SVEXPORTFORMAT>
				<SVCURRENTCOMPANY>GST Dummy Co Pvt Ltd</SVCURRENTCOMPANY>
			</STATICVARIABLES>
			<TDL>
				<TDLMESSAGE>
					<COLLECTION NAME="TestTestGstDetSum" ISMODIFY="No">
						<TYPE>TaxUnit</TYPE>
						<WALK>GSTDetails</WALK>
						<COMPUTE>AppFrom:$ApplicableFrom</COMPUTE>
						<COMPUTE>EInvAppl:$IsGSTeInvApplicable</COMPUTE>
						<COMPUTE>EInvApplFrom:$GSTeInvApplicableDate</COMPUTE>
						<COMPUTE> GSTeInvBillFromPlace: $GSTeInvBillFromPlace </COMPUTE>
						<COMPUTE> GSTeInvReportPeriod:$GSTeInvReportPeriod </COMPUTE>
						<COMPUTE> IsGSTeInvInclEWayBill:$IsGSTeInvInclEWayBill </COMPUTE>
					</COLLECTION>
				</TDLMESSAGE>
			</TDL>
		</DESC>
	</BODY>
</ENVELOPE>
<ENVELOPE>
	<HEADER>
		<VERSION>1</VERSION>
		<TALLYREQUEST>Export</TALLYREQUEST>
		<TYPE>Function</TYPE>
		<ID>$$LicenseInfo</ID>
	</HEADER>
	<BODY>
		<DESC>
			<FUNCPARAMLIST>
				<PARAM>Serial Number</PARAM>
			</FUNCPARAMLIST>
		</DESC>
	</BODY>
</ENVELOPE>
<ENVELOPE>
	<HEADER>
		<VERSION>1</VERSION>
		<TALLYREQUEST>Export</TALLYREQUEST>
		<TYPE>Function</TYPE>
		<ID>$$LicenseInfo</ID>
	</HEADER>
	<BODY>
		<DESC>
			<FUNCPARAMLIST>
				<PARAM>Serial Number</PARAM>
			</FUNCPARAMLIST>
		</DESC>
	</BODY>
</ENVELOPE>
<ENVELOPE>
	<HEADER>
		<VERSION>1</VERSION>
		<TALLYREQUEST>Export</TALLYREQUEST>
		<TYPE>Function</TYPE>
		<ID>$$LicenseInfo</ID>
	</HEADER>
	<BODY>
		<DESC>
			<FUNCPARAMLIST>
				<PARAM>Serial Number</PARAM>
			</FUNCPARAMLIST>
		</DESC>
	</BODY>
</ENVELOPE>
<ENVELOPE>
	<HEADER>
		<VERSION>1</VERSION>
		<TALLYREQUEST>Export</TALLYREQUEST>
		<TYPE>Collection</TYPE>
		<ID>Collection of Ledgers</ID>
	</HEADER>
	<BODY>
		<DESC>
			<STATICVARIABLES>
				<SVFROMDATE TYPE="Date">01-Jan-1970</SVFROMDATE>
				<SVTODATE TYPE="Date">01-Jan-1970</SVTODATE>
				<SVEXPORTFORMAT>$$SysName:XML</SVEXPORTFORMAT>
			</STATICVARIABLES>
			<TDL>
				<TDLMESSAGE>
					<COLLECTION NAME="Collection of Ledgers" ISMODIFY="No">
						<TYPE>Company</TYPE>
						<FETCH>GUID,ALTERID,MASTERID,GUID,NAME</FETCH>
						<FILTERS>CompanyNameFilter,GroupFilter</FILTERS>
					</COLLECTION>
					<SYSTEM TYPE="FORMULAE" NAME="CompanyNameFilter">$name =  "GST Dummy Co Pvt Ltd" </SYSTEM>
					<SYSTEM TYPE="FORMULAE" NAME="GroupFilter">$isaggregate =  "No" </SYSTEM>
				</TDLMESSAGE>
			</TDL>
		</DESC>
	</BODY>
</ENVELOPE>
<?xml version="1.0"?>
<ENVELOPE>
	<HEADER>
		<VERSION>1</VERSION>
		<TALLYREQUEST>Import</TALLYREQUEST>
		<TYPE>Data</TYPE>
		<ID>Vouchers</ID>
	</HEADER>
	<BODY>
		<DESC>
			<STATICVARIABLES>
				<SVCURRENTCOMPANY>GST Dummy Co Pvt Ltd</SVCURRENTCOMPANY>
			</STATICVARIABLES>
		</DESC>
		<DATA>
			<TALLYMESSAGE>
				<VOUCHER>
					<DATE>20230419</DATE>
					<ISINVOICE>Yes</ISINVOICE>
					<ISOPTIONAL>No</ISOPTIONAL>
					<PERSISTEDVIEW>Invoice Voucher View</PERSISTEDVIEW>
					<ADDRESS.LIST>
						<ADDRESS/>
					</ADDRESS.LIST>
					<BASICBUYERADDRESS.LIST>
						<BASICBUYERADDRESS/>
					</BASICBUYERADDRESS.LIST>
					<PARTYNAME>Delhi Roadlines</PARTYNAME>
					<VOUCHERTYPENAME>Purchase</VOUCHERTYPENAME>
					<PARTYLEDGERNAME>Delhi Roadlines</PARTYLEDGERNAME>
					<BASICBASEPARTYNAME>Delhi Roadlines</BASICBASEPARTYNAME>
					<BASICBUYERNAME>Delhi Roadlines</BASICBUYERNAME>
					<VCHGSTCLASS/>
					<LEDGERENTRIES.LIST>
						<LEDGERNAME>Delhi Roadlines</LEDGERNAME>
						<ISDEEMEDPOSITIVE>No</ISDEEMEDPOSITIVE>
						<ISLASTDEEMEDPOSITIVE>No</ISLASTDEEMEDPOSITIVE>
						<AMOUNT>31860</AMOUNT>
						<ISPARTYLEDGER>Yes</ISPARTYLEDGER>
					</LEDGERENTRIES.LIST>
					<LEDGERENTRIES.LIST>
						<LEDGERNAME>Output CGST @ 9%</LEDGERNAME>
						<GSTCLASS/>
						<ISDEEMEDPOSITIVE>Yes</ISDEEMEDPOSITIVE>
						<AMOUNT>-2430</AMOUNT>
						<VATEXPAMOUNT>-2430</VATEXPAMOUNT>
						<ISPARTYLEDGER>No</ISPARTYLEDGER>
					</LEDGERENTRIES.LIST>
					<LEDGERENTRIES.LIST>
						<LEDGERNAME>Output SGST @ 9 %</LEDGERNAME>
						<GSTCLASS/>
						<ISDEEMEDPOSITIVE>Yes</ISDEEMEDPOSITIVE>
						<AMOUNT>-2430</AMOUNT>
						<VATEXPAMOUNT>-2430</VATEXPAMOUNT>
						<ISPARTYLEDGER>No</ISPARTYLEDGER>
					</LEDGERENTRIES.LIST>
					<ALLINVENTORYENTRIES.LIST>
						<STOCKITEMNAME>Billet</STOCKITEMNAME>
						<ISDEEMEDPOSITIVE>Yes</ISDEEMEDPOSITIVE>
						<ISLASTDEEMEDPOSITIVE>Yes</ISLASTDEEMEDPOSITIVE>
						<AMOUNT>-27000</AMOUNT>
						<RATE>27000/MT</RATE>
						<INCLVATRATE>0/MT</INCLVATRATE>
						<ACTUALQTY>1 MT</ACTUALQTY>
						<BILLEDQTY>1 MT</BILLEDQTY>
						<BATCHALLOCATIONS.LIST>
							<TRACKINGNUMBER/>
							<GODOWNNAME>Main Location</GODOWNNAME>
							<AMOUNT>-27000</AMOUNT>
							<ACTUALQTY>1 MT</ACTUALQTY>
							<BILLEDQTY>1 MT</BILLEDQTY>
						</BATCHALLOCATIONS.LIST>
						<ACCOUNTINGALLOCATIONS.LIST>
							<LEDGERNAME>Purchase</LEDGERNAME>
							<ISDEEMEDPOSITIVE>Yes</ISDEEMEDPOSITIVE>
							<ISLASTDEEMEDPOSITIVE>Yes</ISLASTDEEMEDPOSITIVE>
							<AMOUNT>-27000</AMOUNT>
							<ISPARTYLEDGER>No</ISPARTYLEDGER>
						</ACCOUNTINGALLOCATIONS.LIST>
					</ALLINVENTORYENTRIES.LIST>
					<NARRATION>Created by Hussain H</NARRATION>
					<STATENAME>West Bengal</STATENAME>
					<COUNTRYOFRESIDENCE>India</COUNTRYOFRESIDENCE>
					<CONSIGNEESTATENAME>West Bengal</CONSIGNEESTATENAME>
				</VOUCHER>
			</TALLYMESSAGE>
		</DATA>
	</BODY>
</ENVELOPE>
<ENVELOPE>
	<HEADER>
		<VERSION>1</VERSION>
		<TALLYREQUEST>Export</TALLYREQUEST>
		<TYPE>Function</TYPE>
		<ID>$$LicenseInfo</ID>
	</HEADER>
	<BODY>
		<DESC>
			<FUNCPARAMLIST>
				<PARAM>Serial Number</PARAM>
			</FUNCPARAMLIST>
		</DESC>
	</BODY>
</ENVELOPE>
<ENVELOPE>
	<HEADER>
		<VERSION>1</VERSION>
		<TALLYREQUEST>Export</TALLYREQUEST>
		<TYPE>Function</TYPE>
		<ID>$$LicenseInfo</ID>
	</HEADER>
	<BODY>
		<DESC>
			<FUNCPARAMLIST>
				<PARAM>Serial Number</PARAM>
			</FUNCPARAMLIST>
		</DESC>
	</BODY>
</ENVELOPE>
<ENVELOPE>
	<HEADER>
		<VERSION>1</VERSION>
		<TALLYREQUEST>Export</TALLYREQUEST>
		<TYPE>Function</TYPE>
		<ID>$$LicenseInfo</ID>
	</HEADER>
	<BODY>
		<DESC>
			<FUNCPARAMLIST>
				<PARAM>Serial Number</PARAM>
			</FUNCPARAMLIST>
		</DESC>
	</BODY>
</ENVELOPE>
<ENVELOPE>
	<HEADER>
		<VERSION>1</VERSION>
		<TALLYREQUEST>Export</TALLYREQUEST>
		<TYPE>Collection</TYPE>
		<ID>Collection of Ledgers</ID>
	</HEADER>
	<BODY>
		<DESC>
			<STATICVARIABLES>
				<SVFROMDATE TYPE="Date">01-Jan-1970</SVFROMDATE>
				<SVTODATE TYPE="Date">01-Jan-1970</SVTODATE>
				<SVEXPORTFORMAT>$$SysName:XML</SVEXPORTFORMAT>
			</STATICVARIABLES>
			<TDL>
				<TDLMESSAGE>
					<COLLECTION NAME="Collection of Ledgers" ISMODIFY="No">
						<TYPE>Company</TYPE>
						<FETCH>GUID,ALTERID,MASTERID,GUID,NAME</FETCH>
						<FILTERS>CompanyNameFilter,GroupFilter</FILTERS>
					</COLLECTION>
					<SYSTEM TYPE="FORMULAE" NAME="CompanyNameFilter">$name =  "GST Dummy Co Pvt Ltd" </SYSTEM>
					<SYSTEM TYPE="FORMULAE" NAME="GroupFilter">$isaggregate =  "No" </SYSTEM>
				</TDLMESSAGE>
			</TDL>
		</DESC>
	</BODY>
</ENVELOPE>
<?xml version="1.0"?>
<ENVELOPE>
	<HEADER>
		<VERSION>1</VERSION>
		<TALLYREQUEST>Import</TALLYREQUEST>
		<TYPE>Data</TYPE>
		<ID>Vouchers</ID>
	</HEADER>
	<BODY>
		<DESC>
			<STATICVARIABLES>
				<SVCURRENTCOMPANY>GST Dummy Co Pvt Ltd</SVCURRENTCOMPANY>
			</STATICVARIABLES>
		</DESC>
		<DATA>
			<TALLYMESSAGE>
				<VOUCHER>
					<DATE>20230419</DATE>
					<ISINVOICE>Yes</ISINVOICE>
					<ISOPTIONAL>No</ISOPTIONAL>
					<PERSISTEDVIEW>Invoice Voucher View</PERSISTEDVIEW>
					<ADDRESS.LIST>
						<ADDRESS/>
					</ADDRESS.LIST>
					<BASICBUYERADDRESS.LIST>
						<BASICBUYERADDRESS/>
					</BASICBUYERADDRESS.LIST>
					<PARTYNAME>Bajaj Electricals</PARTYNAME>
					<VOUCHERTYPENAME>Sales</VOUCHERTYPENAME>
					<PARTYLEDGERNAME>Bajaj Electricals</PARTYLEDGERNAME>
					<BASICBASEPARTYNAME>Bajaj Electricals</BASICBASEPARTYNAME>
					<BASICBUYERNAME>Bajaj Electricals</BASICBUYERNAME>
					<VCHGSTCLASS/>
					<LEDGERENTRIES.LIST>
						<LEDGERNAME>Bajaj Electricals</LEDGERNAME>
						<ISDEEMEDPOSITIVE>Yes</ISDEEMEDPOSITIVE>
						<ISLASTDEEMEDPOSITIVE>Yes</ISLASTDEEMEDPOSITIVE>
						<AMOUNT>-35400</AMOUNT>
						<ISPARTYLEDGER>Yes</ISPARTYLEDGER>
					</LEDGERENTRIES.LIST>
					<LEDGERENTRIES.LIST>
						<LEDGERNAME>Output UGST Payable @ 5%</LEDGERNAME>
						<GSTCLASS/>
						<ISDEEMEDPOSITIVE>No</ISDEEMEDPOSITIVE>
						<AMOUNT>5400</AMOUNT>
						<VATEXPAMOUNT>5400</VATEXPAMOUNT>
						<ISPARTYLEDGER>No</ISPARTYLEDGER>
					</LEDGERENTRIES.LIST>
					<ALLINVENTORYENTRIES.LIST>
						<STOCKITEMNAME>Billet</STOCKITEMNAME>
						<ISDEEMEDPOSITIVE>No</ISDEEMEDPOSITIVE>
						<ISLASTDEEMEDPOSITIVE>No</ISLASTDEEMEDPOSITIVE>
						<AMOUNT>30000</AMOUNT>
						<RATE>30000/MT</RATE>
						<INCLVATRATE>0/MT</INCLVATRATE>
						<ACTUALQTY>1 MT</ACTUALQTY>
						<BILLEDQTY>1 MT</BILLEDQTY>
						<BATCHALLOCATIONS.LIST>
							<TRACKINGNUMBER/>
							<GODOWNNAME>Main Location</GODOWNNAME>
							<AMOUNT>30000</AMOUNT>
							<ACTUALQTY>1 MT</ACTUALQTY>
							<BILLEDQTY>1 MT</BILLEDQTY>
						</BATCHALLOCATIONS.LIST>
						<ACCOUNTINGALLOCATIONS.LIST>
							<LEDGERNAME>Sales</LEDGERNAME>
							<ISDEEMEDPOSITIVE>No</ISDEEMEDPOSITIVE>
							<ISLASTDEEMEDPOSITIVE>No</ISLASTDEEMEDPOSITIVE>
							<AMOUNT>30000</AMOUNT>
							<ISPARTYLEDGER>No</ISPARTYLEDGER>
						</ACCOUNTINGALLOCATIONS.LIST>
					</ALLINVENTORYENTRIES.LIST>
					<NARRATION>Created by Hussain H</NARRATION>
					<STATENAME>Delhi</STATENAME>
					<COUNTRYOFRESIDENCE>India</COUNTRYOFRESIDENCE>
					<CONSIGNEESTATENAME>Delhi</CONSIGNEESTATENAME>
				</VOUCHER>
			</TALLYMESSAGE>
		</DATA>
	</BODY>
</ENVELOPE>
<ENVELOPE>
	<HEADER>
		<VERSION>1</VERSION>
		<TALLYREQUEST>Export</TALLYREQUEST>
		<TYPE>Function</TYPE>
		<ID>$$LicenseInfo</ID>
	</HEADER>
	<BODY>
		<DESC>
			<FUNCPARAMLIST>
				<PARAM>Serial Number</PARAM>
			</FUNCPARAMLIST>
		</DESC>
	</BODY>
</ENVELOPE>
<ENVELOPE>
	<HEADER>
		<VERSION>1</VERSION>
		<TALLYREQUEST>Export</TALLYREQUEST>
		<TYPE>Collection</TYPE>
		<ID>Collection of Ledgers</ID>
	</HEADER>
	<BODY>
		<DESC>
			<STATICVARIABLES>
				<SVFROMDATE TYPE="Date">01-Jan-1970</SVFROMDATE>
				<SVTODATE TYPE="Date">01-Jan-1970</SVTODATE>
				<SVEXPORTFORMAT>$$SysName:XML</SVEXPORTFORMAT>
			</STATICVARIABLES>
			<TDL>
				<TDLMESSAGE>
					<COLLECTION NAME="Collection of Ledgers" ISMODIFY="No">
						<TYPE>Company</TYPE>
						<FETCH>GUID,ALTERID,MASTERID,GUID,NAME,STATE,STARTINGFROM,BOOKSFROM,ENDINGAT,LASTVOUCHERDATE,CMPVCHID,ALTVCHID,ALTMSTID,ISAGGREGATE,BASICCOMPANYFORMALNAME,COMPANYCHEQUENAME,COMPANYCONTACTPERSON,COMPANYCONTACTNUMBER,EMAIL,WEBSITE,PHONENUMBER,CMPMOBNO,MOBILENO,_ADDRESS1,_ADDRESS2,_ADDRESS3,_ADDRESS4,_ADDRESS5,STATENAME,PINCODE,COUNTRYNAME,VATTINNUMBER,CORPORATEIDENTITYNO,UDF:CORPORATEIDENTITYNO,INTERSTATESTNUMBER,TANUMBER,STREGNUMBER,CMPPFCODE,INCOMETAXNUMBER,GSTREGISTRATIONTYPE,GSTAPPLICABLEDATE,ISGSTCESSON,GSTDETAILS.LIST,DESTINATION</FETCH>
						<FILTERS>CompanyNameFilter,GroupFilter</FILTERS>
					</COLLECTION>
					<SYSTEM TYPE="FORMULAE" NAME="CompanyNameFilter">$name =  "GST Dummy Co Pvt Ltd" </SYSTEM>
					<SYSTEM TYPE="FORMULAE" NAME="GroupFilter">$isaggregate =  "No" </SYSTEM>
				</TDLMESSAGE>
			</TDL>
		</DESC>
	</BODY>
</ENVELOPE>
<ENVELOPE>
	<HEADER>
		<VERSION>1</VERSION>
		<TALLYREQUEST>Export</TALLYREQUEST>
		<TYPE>Function</TYPE>
		<ID>$$LicenseInfo</ID>
	</HEADER>
	<BODY>
		<DESC>
			<FUNCPARAMLIST>
				<PARAM>Serial Number</PARAM>
			</FUNCPARAMLIST>
		</DESC>
	</BODY>
</ENVELOPE>
<ENVELOPE>
	<HEADER>
		<VERSION>1</VERSION>
		<TALLYREQUEST>Export</TALLYREQUEST>
		<TYPE>Function</TYPE>
		<ID>$$ProdInfo</ID>
	</HEADER>
	<BODY>
		<DESC>
			<FUNCPARAMLIST>
				<PARAM>Prod Build Number</PARAM>
			</FUNCPARAMLIST>
		</DESC>
	</BODY>
</ENVELOPE>
<ENVELOPE>
	<HEADER>
		<VERSION>1</VERSION>
		<TALLYREQUEST>Export</TALLYREQUEST>
		<TYPE>Function</TYPE>
		<ID>$$LicenseInfo</ID>
	</HEADER>
	<BODY>
		<DESC>
			<FUNCPARAMLIST>
				<PARAM>Serial Number</PARAM>
			</FUNCPARAMLIST>
		</DESC>
	</BODY>
</ENVELOPE>
<ENVELOPE>
	<HEADER>
		<VERSION>1</VERSION>
		<TALLYREQUEST>EXPORT</TALLYREQUEST>
		<TYPE>Collection</TYPE>
		<ID>TestTestGstDetSum</ID>
	</HEADER>
	<BODY>
		<DESC>
			<STATICVARIABLES>
				<SVEXPORTFORMAT>$$SysName:XML</SVEXPORTFORMAT>
				<SVCURRENTCOMPANY>GST Dummy Co Pvt Ltd</SVCURRENTCOMPANY>
			</STATICVARIABLES>
			<TDL>
				<TDLMESSAGE>
					<COLLECTION NAME="TestTestGstDetSum" ISMODIFY="No">
						<TYPE>TaxUnit</TYPE>
						<WALK>GSTDetails</WALK>
						<COMPUTE>AppFrom:$ApplicableFrom</COMPUTE>
						<COMPUTE>EInvAppl:$IsGSTeInvApplicable</COMPUTE>
						<COMPUTE>EInvApplFrom:$GSTeInvApplicableDate</COMPUTE>
						<COMPUTE> GSTeInvBillFromPlace: $GSTeInvBillFromPlace </COMPUTE>
						<COMPUTE> GSTeInvReportPeriod:$GSTeInvReportPeriod </COMPUTE>
						<COMPUTE> IsGSTeInvInclEWayBill:$IsGSTeInvInclEWayBill </COMPUTE>
					</COLLECTION>
				</TDLMESSAGE>
			</TDL>
		</DESC>
	</BODY>
</ENVELOPE>
<ENVELOPE>
	<HEADER>
		<VERSION>1</VERSION>
		<TALLYREQUEST>Export</TALLYREQUEST>
		<TYPE>Function</TYPE>
		<ID>$$LicenseInfo</ID>
	</HEADER>
	<BODY>
		<DESC>
			<FUNCPARAMLIST>
				<PARAM>Serial Number</PARAM>
			</FUNCPARAMLIST>
		</DESC>
	</BODY>
</ENVELOPE>
<ENVELOPE>
	<HEADER>
		<VERSION>1</VERSION>
		<TALLYREQUEST>Export</TALLYREQUEST>
		<TYPE>Function</TYPE>
		<ID>$$LicenseInfo</ID>
	</HEADER>
	<BODY>
		<DESC>
			<FUNCPARAMLIST>
				<PARAM>Serial Number</PARAM>
			</FUNCPARAMLIST>
		</DESC>
	</BODY>
</ENVELOPE>
<ENVELOPE>
	<HEADER>
		<VERSION>1</VERSION>
		<TALLYREQUEST>Export</TALLYREQUEST>
		<TYPE>Function</TYPE>
		<ID>$$LicenseInfo</ID>
	</HEADER>
	<BODY>
		<DESC>
			<FUNCPARAMLIST>
				<PARAM>Serial Number</PARAM>
			</FUNCPARAMLIST>
		</DESC>
	</BODY>
</ENVELOPE>
<ENVELOPE>
	<HEADER>
		<VERSION>1</VERSION>
		<TALLYREQUEST>Export</TALLYREQUEST>
		<TYPE>Collection</TYPE>
		<ID>Collection of Ledgers</ID>
	</HEADER>
	<BODY>
		<DESC>
			<STATICVARIABLES>
				<SVFROMDATE TYPE="Date">01-Jan-1970</SVFROMDATE>
				<SVTODATE TYPE="Date">01-Jan-1970</SVTODATE>
				<SVEXPORTFORMAT>$$SysName:XML</SVEXPORTFORMAT>
			</STATICVARIABLES>
			<TDL>
				<TDLMESSAGE>
					<COLLECTION NAME="Collection of Ledgers" ISMODIFY="No">
						<TYPE>Company</TYPE>
						<FETCH>GUID,ALTERID,MASTERID,GUID,NAME</FETCH>
						<FILTERS>CompanyNameFilter,GroupFilter</FILTERS>
					</COLLECTION>
					<SYSTEM TYPE="FORMULAE" NAME="CompanyNameFilter">$name =  "GST Dummy Co Pvt Ltd" </SYSTEM>
					<SYSTEM TYPE="FORMULAE" NAME="GroupFilter">$isaggregate =  "No" </SYSTEM>
				</TDLMESSAGE>
			</TDL>
		</DESC>
	</BODY>
</ENVELOPE>
<?xml version="1.0"?>
<ENVELOPE>
	<HEADER>
		<TALLYREQUEST>Import Data</TALLYREQUEST>
	</HEADER>
	<BODY>
		<IMPORTDATA>
			<REQUESTDESC>
				<REPORTNAME>Vouchers</REPORTNAME>
				<STATICVARIABLES>
					<SVCURRENTCOMPANY>GST Dummy Co Pvt Ltd</SVCURRENTCOMPANY>
				</STATICVARIABLES>
			</REQUESTDESC>
			<REQUESTDATA>
				<TALLYMESSAGE>
					<VOUCHER>
						<ADDRESS.LIST>
							<ADDRESS/>
						</ADDRESS.LIST>
						<BASICBUYERADDRESS.LIST>
							<BASICBUYERADDRESS/>
						</BASICBUYERADDRESS.LIST>
						<DATE>20230419</DATE>
						<PARTYLEDGERNAME>Manav Sales</PARTYLEDGERNAME>
						<VOUCHERTYPENAME>Delivery Note</VOUCHERTYPENAME>
						<BASICBASEPARTYNAME>Manav Sales</BASICBASEPARTYNAME>
						<PERSISTEDVIEW>Invoice Voucher View</PERSISTEDVIEW>
						<ISOPTIONAL>No</ISOPTIONAL>
						<ALLINVENTORYENTRIES.LIST>
							<STOCKITEMNAME>Packing Cover</STOCKITEMNAME>
							<ISDEEMEDPOSITIVE>No</ISDEEMEDPOSITIVE>
							<ISLASTDEEMEDPOSITIVE>No</ISLASTDEEMEDPOSITIVE>
							<AMOUNT>500</AMOUNT>
							<RATE>500/pcs</RATE>
							<INCLVATRATE>0/pcs</INCLVATRATE>
							<ACTUALQTY>1 pcs</ACTUALQTY>
							<BILLEDQTY>1 pcs</BILLEDQTY>
							<BATCHALLOCATIONS.LIST>
								<TRACKINGNUMBER/>
								<GODOWNNAME>Main Location</GODOWNNAME>
								<AMOUNT>500</AMOUNT>
								<ACTUALQTY>1 pcs</ACTUALQTY>
								<BILLEDQTY>1 pcs</BILLEDQTY>
							</BATCHALLOCATIONS.LIST>
							<ACCOUNTINGALLOCATIONS.LIST>
								<LEDGERNAME>Local Sale @ 18 %</LEDGERNAME>
								<ISDEEMEDPOSITIVE>No</ISDEEMEDPOSITIVE>
								<ISLASTDEEMEDPOSITIVE>No</ISLASTDEEMEDPOSITIVE>
								<AMOUNT>500</AMOUNT>
								<ISPARTYLEDGER>No</ISPARTYLEDGER>
							</ACCOUNTINGALLOCATIONS.LIST>
						</ALLINVENTORYENTRIES.LIST>
						<LEDGERENTRIES.LIST>
							<LEDGERNAME>Manav Sales</LEDGERNAME>
							<ISDEEMEDPOSITIVE>Yes</ISDEEMEDPOSITIVE>
							<ISLASTDEEMEDPOSITIVE>Yes</ISLASTDEEMEDPOSITIVE>
							<AMOUNT>-525</AMOUNT>
							<ISPARTYLEDGER>Yes</ISPARTYLEDGER>
						</LEDGERENTRIES.LIST>
						<LEDGERENTRIES.LIST>
							<LEDGERNAME>Input CGST @ 9%</LEDGERNAME>
							<GSTCLASS/>
							<ISDEEMEDPOSITIVE>No</ISDEEMEDPOSITIVE>
							<AMOUNT>12.5</AMOUNT>
							<VATEXPAMOUNT>12.5</VATEXPAMOUNT>
							<ISPARTYLEDGER>No</ISPARTYLEDGER>
						</LEDGERENTRIES.LIST>
						<LEDGERENTRIES.LIST>
							<LEDGERNAME>Input SGST @ 9%</LEDGERNAME>
							<GSTCLASS/>
							<ISDEEMEDPOSITIVE>No</ISDEEMEDPOSITIVE>
							<AMOUNT>12.5</AMOUNT>
							<VATEXPAMOUNT>12.5</VATEXPAMOUNT>
							<ISPARTYLEDGER>No</ISPARTYLEDGER>
						</LEDGERENTRIES.LIST>
						<PARTYNAME>Manav Sales</PARTYNAME>
						<STATENAME>West Bengal</STATENAME>
						<COUNTRYOFRESIDENCE>India</COUNTRYOFRESIDENCE>
						<PARTYGSTIN>454546546</PARTYGSTIN>
						<CONSIGNEEGSTIN>454546546</CONSIGNEEGSTIN>
						<BASICBUYERNAME>Manav Sales</BASICBUYERNAME>
						<CONSIGNEESTATENAME>West Bengal</CONSIGNEESTATENAME>
						<NARRATION>Created by Hussain H</NARRATION>
					</VOUCHER>
				</TALLYMESSAGE>
			</REQUESTDATA>
		</IMPORTDATA>
	</BODY>
</ENVELOPE>
<ENVELOPE>
	<HEADER>
		<VERSION>1</VERSION>
		<TALLYREQUEST>Export</TALLYREQUEST>
		<TYPE>Function</TYPE>
		<ID>$$LicenseInfo</ID>
	</HEADER>
	<BODY>
		<DESC>
			<FUNCPARAMLIST>
				<PARAM>Serial Number</PARAM>
			</FUNCPARAMLIST>
		</DESC>
	</BODY>
</ENVELOPE>
<ENVELOPE>
	<HEADER>
		<VERSION>1</VERSION>
		<TALLYREQUEST>Export</TALLYREQUEST>
		<TYPE>Function</TYPE>
		<ID>$$ProdInfo</ID>
	</HEADER>
	<BODY>
		<DESC>
			<FUNCPARAMLIST>
				<PARAM>Prod Build Number</PARAM>
			</FUNCPARAMLIST>
		</DESC>
	</BODY>
</ENVELOPE>
<ENVELOPE>
	<HEADER>
		<VERSION>1</VERSION>
		<TALLYREQUEST>Export</TALLYREQUEST>
		<TYPE>Function</TYPE>
		<ID>$$LicenseInfo</ID>
	</HEADER>
	<BODY>
		<DESC>
			<FUNCPARAMLIST>
				<PARAM>Serial Number</PARAM>
			</FUNCPARAMLIST>
		</DESC>
	</BODY>
</ENVELOPE>
<ENVELOPE>
	<HEADER>
		<VERSION>1</VERSION>
		<TALLYREQUEST>Export</TALLYREQUEST>
		<TYPE>Function</TYPE>
		<ID>$$LicenseInfo</ID>
	</HEADER>
	<BODY>
		<DESC>
			<FUNCPARAMLIST>
				<PARAM>Serial Number</PARAM>
			</FUNCPARAMLIST>
		</DESC>
	</BODY>
</ENVELOPE>
<ENVELOPE>
	<HEADER>
		<VERSION>1</VERSION>
		<TALLYREQUEST>Export</TALLYREQUEST>
		<TYPE>Function</TYPE>
		<ID>$$LicenseInfo</ID>
	</HEADER>
	<BODY>
		<DESC>
			<FUNCPARAMLIST>
				<PARAM>Serial Number</PARAM>
			</FUNCPARAMLIST>
		</DESC>
	</BODY>
</ENVELOPE>
<ENVELOPE>
	<HEADER>
		<VERSION>1</VERSION>
		<TALLYREQUEST>Export</TALLYREQUEST>
		<TYPE>Collection</TYPE>
		<ID>Collection of Ledgers</ID>
	</HEADER>
	<BODY>
		<DESC>
			<STATICVARIABLES>
				<SVFROMDATE TYPE="Date">01-Jan-1970</SVFROMDATE>
				<SVTODATE TYPE="Date">01-Jan-1970</SVTODATE>
				<SVEXPORTFORMAT>$$SysName:XML</SVEXPORTFORMAT>
			</STATICVARIABLES>
			<TDL>
				<TDLMESSAGE>
					<COLLECTION NAME="Collection of Ledgers" ISMODIFY="No">
						<TYPE>Company</TYPE>
						<FETCH>GUID,ALTERID,MASTERID,GUID,NAME</FETCH>
						<FILTERS>CompanyNameFilter,GroupFilter</FILTERS>
					</COLLECTION>
					<SYSTEM TYPE="FORMULAE" NAME="CompanyNameFilter">$name =  "GST Dummy Co Pvt Ltd" </SYSTEM>
					<SYSTEM TYPE="FORMULAE" NAME="GroupFilter">$isaggregate =  "No" </SYSTEM>
				</TDLMESSAGE>
			</TDL>
		</DESC>
	</BODY>
</ENVELOPE>
<ENVELOPE>
	<HEADER>
		<VERSION>1</VERSION>
		<TALLYREQUEST>Export</TALLYREQUEST>
		<TYPE>Collection</TYPE>
		<ID>Collection of Ledgers</ID>
	</HEADER>
	<BODY>
		<DESC>
			<STATICVARIABLES>
				<SVCURRENTCOMPANY>GST Dummy Co Pvt Ltd</SVCURRENTCOMPANY>
				<SVFROMDATE TYPE="Date">01-Apr-2017</SVFROMDATE>
				<SVTODATE TYPE="Date">19-Apr-2023</SVTODATE>
				<SVEXPORTFORMAT>$$SysName:XML</SVEXPORTFORMAT>
			</STATICVARIABLES>
			<TDL>
				<TDLMESSAGE>
					<COLLECTION NAME="Collection of Ledgers" ISMODIFY="No">
						<TYPE>Voucher</TYPE>
						<FETCH>GUID,ALTERID,MASTERID,ISOPTIONAL,ISDELETED,ISCANCELLED,DATE,REFERENCEDATE,VOUCHERTYPENAME,VOUCHERNUMBER,REFERENCE,NARRATION,PARTYNAME,PARTYLEDGERNAME,ENTEREDBY,EFFECTIVEDATE,COSTCENTRENAME,AUTOCOSTLEVEL,PARTYGSTIN,BILLOFLADINGNO,BILLOFLADINGDATE,BASICSHIPVESSELNO,PLACEOFSUPPLY,BASICSHIPPEDBY,BASICSHIPDOCUMENTNO,BASICFINALDESTINATION,BASICORDERTERMS.LIST,BASICDUEDATEOFPYMT,BASICORDERREF,ISPOSTDATED,HASCASHFLOW,ISINVOICE,ISCOSTCENTRE,HASDISCOUNTS,ISVOID,ISONHOLD,ISDEEMEDPOSITIVE,ALLLEDGERENTRIES.LIST,LEDGERENTRIES.LIST,ALLINVENTORYENTRIES.LIST,INVENTORYENTRIES.LIST,BASICBUYERADDRESS.LIST,BASICBUYERNAME,CONSIGNEECSTNUMBER,CONSIGNEEGSTIN,CONSIGNEEPINCODE,ADDRESS.LIST,BUYERSCSTNUMBER,BASICBUYERSSALESTAXNO,TRADERCONSVATTINNO.LIST,PARTYPINCODE,VOUCHERDESTINATIONGODOWN,VOUCHERSOURCEGODOWN,INVOICEDELNOTES.LIST,CATEGORYENTRY.LIST,CATEGORYALLOCATIONS.LIST,INVENTORYENTRIESIN.LIST,INVENTORYENTRIESOUT.LIST,INVOICEORDERLIST.LIST,EWAYBILLDETAILS.LIST,IRN,IRNACKNO,IRNACKDATE,IRNQRCODE,IRNCANCELLED</FETCH>
						<FILTERS>AlterId</FILTERS>
					</COLLECTION>
					<SYSTEM TYPE="FORMULAE" NAME="AlterId">$alterid &gt; 76 AND $alterid &lt;= 79</SYSTEM>
				</TDLMESSAGE>
			</TDL>
		</DESC>
	</BODY>
</ENVELOPE>
<ENVELOPE>
	<HEADER>
		<VERSION>1</VERSION>
		<TALLYREQUEST>Export</TALLYREQUEST>
		<TYPE>Function</TYPE>
		<ID>$$LicenseInfo</ID>
	</HEADER>
	<BODY>
		<DESC>
			<FUNCPARAMLIST>
				<PARAM>Serial Number</PARAM>
			</FUNCPARAMLIST>
		</DESC>
	</BODY>
</ENVELOPE>
<ENVELOPE>
	<HEADER>
		<VERSION>1</VERSION>
		<TALLYREQUEST>Export</TALLYREQUEST>
		<TYPE>Function</TYPE>
		<ID>$$LicenseInfo</ID>
	</HEADER>
	<BODY>
		<DESC>
			<FUNCPARAMLIST>
				<PARAM>Serial Number</PARAM>
			</FUNCPARAMLIST>
		</DESC>
	</BODY>
</ENVELOPE>
<ENVELOPE>
	<HEADER>
		<VERSION>1</VERSION>
		<TALLYREQUEST>Export</TALLYREQUEST>
		<TYPE>Function</TYPE>
		<ID>$$LicenseInfo</ID>
	</HEADER>
	<BODY>
		<DESC>
			<FUNCPARAMLIST>
				<PARAM>Serial Number</PARAM>
			</FUNCPARAMLIST>
		</DESC>
	</BODY>
</ENVELOPE>
<ENVELOPE>
	<HEADER>
		<VERSION>1</VERSION>
		<TALLYREQUEST>Export</TALLYREQUEST>
		<TYPE>Collection</TYPE>
		<ID>Collection of Ledgers</ID>
	</HEADER>
	<BODY>
		<DESC>
			<STATICVARIABLES>
				<SVFROMDATE TYPE="Date">01-Jan-1970</SVFROMDATE>
				<SVTODATE TYPE="Date">01-Jan-1970</SVTODATE>
				<SVEXPORTFORMAT>$$SysName:XML</SVEXPORTFORMAT>
			</STATICVARIABLES>
			<TDL>
				<TDLMESSAGE>
					<COLLECTION NAME="Collection of Ledgers" ISMODIFY="No">
						<TYPE>Company</TYPE>
						<FETCH>GUID,ALTERID,MASTERID,GUID,NAME</FETCH>
						<FILTERS>CompanyNameFilter,GroupFilter</FILTERS>
					</COLLECTION>
					<SYSTEM TYPE="FORMULAE" NAME="CompanyNameFilter">$name =  "GST Dummy Co Pvt Ltd" </SYSTEM>
					<SYSTEM TYPE="FORMULAE" NAME="GroupFilter">$isaggregate =  "No" </SYSTEM>
				</TDLMESSAGE>
			</TDL>
		</DESC>
	</BODY>
</ENVELOPE>
<ENVELOPE>
	<HEADER>
		<VERSION>1</VERSION>
		<TALLYREQUEST>Export</TALLYREQUEST>
		<TYPE>Collection</TYPE>
		<ID>Collection of Ledgers</ID>
	</HEADER>
	<BODY>
		<DESC>
			<STATICVARIABLES>
				<SVCURRENTCOMPANY>GST Dummy Co Pvt Ltd</SVCURRENTCOMPANY>
				<SVFROMDATE TYPE="Date">01-Apr-2017</SVFROMDATE>
				<SVTODATE TYPE="Date">19-Apr-2023</SVTODATE>
				<SVEXPORTFORMAT>$$SysName:XML</SVEXPORTFORMAT>
			</STATICVARIABLES>
			<TDL>
				<TDLMESSAGE>
					<COLLECTION NAME="Collection of Ledgers" ISMODIFY="No">
						<TYPE>StockItem</TYPE>
						<FETCH>GUID,ALTERID,MASTERID,CLOSINGBALANCE,CLOSINGVALUE</FETCH>
						<FILTERS>MasterId</FILTERS>
					</COLLECTION>
					<SYSTEM TYPE="FORMULAE" NAME="MasterId">$masterId = 197</SYSTEM>
				</TDLMESSAGE>
			</TDL>
		</DESC>
	</BODY>
</ENVELOPE>
<ENVELOPE>
	<HEADER>
		<VERSION>1</VERSION>
		<TALLYREQUEST>Export</TALLYREQUEST>
		<TYPE>Function</TYPE>
		<ID>$$LicenseInfo</ID>
	</HEADER>
	<BODY>
		<DESC>
			<FUNCPARAMLIST>
				<PARAM>Serial Number</PARAM>
			</FUNCPARAMLIST>
		</DESC>
	</BODY>
</ENVELOPE>
<ENVELOPE>
	<HEADER>
		<VERSION>1</VERSION>
		<TALLYREQUEST>Export</TALLYREQUEST>
		<TYPE>Function</TYPE>
		<ID>$$LicenseInfo</ID>
	</HEADER>
	<BODY>
		<DESC>
			<FUNCPARAMLIST>
				<PARAM>Serial Number</PARAM>
			</FUNCPARAMLIST>
		</DESC>
	</BODY>
</ENVELOPE>
<ENVELOPE>
	<HEADER>
		<VERSION>1</VERSION>
		<TALLYREQUEST>Export</TALLYREQUEST>
		<TYPE>Function</TYPE>
		<ID>$$LicenseInfo</ID>
	</HEADER>
	<BODY>
		<DESC>
			<FUNCPARAMLIST>
				<PARAM>Serial Number</PARAM>
			</FUNCPARAMLIST>
		</DESC>
	</BODY>
</ENVELOPE>
<ENVELOPE>
	<HEADER>
		<VERSION>1</VERSION>
		<TALLYREQUEST>Export</TALLYREQUEST>
		<TYPE>Function</TYPE>
		<ID>$$LicenseInfo</ID>
	</HEADER>
	<BODY>
		<DESC>
			<FUNCPARAMLIST>
				<PARAM>Serial Number</PARAM>
			</FUNCPARAMLIST>
		</DESC>
	</BODY>
</ENVELOPE>
<ENVELOPE>
	<HEADER>
		<VERSION>1</VERSION>
		<TALLYREQUEST>Export</TALLYREQUEST>
		<TYPE>Function</TYPE>
		<ID>$$LicenseInfo</ID>
	</HEADER>
	<BODY>
		<DESC>
			<FUNCPARAMLIST>
				<PARAM>Serial Number</PARAM>
			</FUNCPARAMLIST>
		</DESC>
	</BODY>
</ENVELOPE>
<ENVELOPE>
	<HEADER>
		<VERSION>1</VERSION>
		<TALLYREQUEST>Export</TALLYREQUEST>
		<TYPE>Function</TYPE>
		<ID>$$LicenseInfo</ID>
	</HEADER>
	<BODY>
		<DESC>
			<FUNCPARAMLIST>
				<PARAM>Serial Number</PARAM>
			</FUNCPARAMLIST>
		</DESC>
	</BODY>
</ENVELOPE>
<ENVELOPE>
	<HEADER>
		<VERSION>1</VERSION>
		<TALLYREQUEST>Export</TALLYREQUEST>
		<TYPE>Function</TYPE>
		<ID>$$LicenseInfo</ID>
	</HEADER>
	<BODY>
		<DESC>
			<FUNCPARAMLIST>
				<PARAM>Serial Number</PARAM>
			</FUNCPARAMLIST>
		</DESC>
	</BODY>
</ENVELOPE>
<ENVELOPE>
	<HEADER>
		<VERSION>1</VERSION>
		<TALLYREQUEST>Export</TALLYREQUEST>
		<TYPE>Function</TYPE>
		<ID>$$LicenseInfo</ID>
	</HEADER>
	<BODY>
		<DESC>
			<FUNCPARAMLIST>
				<PARAM>Serial Number</PARAM>
			</FUNCPARAMLIST>
		</DESC>
	</BODY>
</ENVELOPE>
<ENVELOPE>
	<HEADER>
		<VERSION>1</VERSION>
		<TALLYREQUEST>Export</TALLYREQUEST>
		<TYPE>Collection</TYPE>
		<ID>Collection of Ledgers</ID>
	</HEADER>
	<BODY>
		<DESC>
			<STATICVARIABLES>
				<SVFROMDATE TYPE="Date">01-Jan-1970</SVFROMDATE>
				<SVTODATE TYPE="Date">01-Jan-1970</SVTODATE>
				<SVEXPORTFORMAT>$$SysName:XML</SVEXPORTFORMAT>
			</STATICVARIABLES>
			<TDL>
				<TDLMESSAGE>
					<COLLECTION NAME="Collection of Ledgers" ISMODIFY="No">
						<TYPE>Company</TYPE>
						<FETCH>GUID,ALTERID,MASTERID,GUID,NAME,STATE,STARTINGFROM,BOOKSFROM,ENDINGAT,LASTVOUCHERDATE,CMPVCHID,ALTVCHID,ALTMSTID,ISAGGREGATE,BASICCOMPANYFORMALNAME,COMPANYCHEQUENAME,COMPANYCONTACTPERSON,COMPANYCONTACTNUMBER,EMAIL,WEBSITE,PHONENUMBER,CMPMOBNO,MOBILENO,_ADDRESS1,_ADDRESS2,_ADDRESS3,_ADDRESS4,_ADDRESS5,STATENAME,PINCODE,COUNTRYNAME,VATTINNUMBER,CORPORATEIDENTITYNO,UDF:CORPORATEIDENTITYNO,INTERSTATESTNUMBER,TANUMBER,STREGNUMBER,CMPPFCODE,INCOMETAXNUMBER,GSTREGISTRATIONTYPE,GSTAPPLICABLEDATE,ISGSTCESSON,GSTDETAILS.LIST,DESTINATION</FETCH>
						<FILTERS>GroupFilter</FILTERS>
					</COLLECTION>
					<SYSTEM TYPE="FORMULAE" NAME="GroupFilter">$isaggregate =  "No" </SYSTEM>
				</TDLMESSAGE>
			</TDL>
		</DESC>
	</BODY>
</ENVELOPE>
<ENVELOPE>
	<HEADER>
		<VERSION>1</VERSION>
		<TALLYREQUEST>Export</TALLYREQUEST>
		<TYPE>Function</TYPE>
		<ID>$$LicenseInfo</ID>
	</HEADER>
	<BODY>
		<DESC>
			<FUNCPARAMLIST>
				<PARAM>Serial Number</PARAM>
			</FUNCPARAMLIST>
		</DESC>
	</BODY>
</ENVELOPE>
<ENVELOPE>
	<HEADER>
		<VERSION>1</VERSION>
		<TALLYREQUEST>Export</TALLYREQUEST>
		<TYPE>Function</TYPE>
		<ID>$$ProdInfo</ID>
	</HEADER>
	<BODY>
		<DESC>
			<FUNCPARAMLIST>
				<PARAM>Prod Build Number</PARAM>
			</FUNCPARAMLIST>
		</DESC>
	</BODY>
</ENVELOPE>
<ENVELOPE>
	<HEADER>
		<VERSION>1</VERSION>
		<TALLYREQUEST>Export</TALLYREQUEST>
		<TYPE>Function</TYPE>
		<ID>$$LicenseInfo</ID>
	</HEADER>
	<BODY>
		<DESC>
			<FUNCPARAMLIST>
				<PARAM>Serial Number</PARAM>
			</FUNCPARAMLIST>
		</DESC>
	</BODY>
</ENVELOPE>
<ENVELOPE>
	<HEADER>
		<VERSION>1</VERSION>
		<TALLYREQUEST>EXPORT</TALLYREQUEST>
		<TYPE>Collection</TYPE>
		<ID>TestTestGstDetSum</ID>
	</HEADER>
	<BODY>
		<DESC>
			<STATICVARIABLES>
				<SVEXPORTFORMAT>$$SysName:XML</SVEXPORTFORMAT>
				<SVCURRENTCOMPANY>GST Dummy Co Pvt Ltd</SVCURRENTCOMPANY>
			</STATICVARIABLES>
			<TDL>
				<TDLMESSAGE>
					<COLLECTION NAME="TestTestGstDetSum" ISMODIFY="No">
						<TYPE>TaxUnit</TYPE>
						<WALK>GSTDetails</WALK>
						<COMPUTE>AppFrom:$ApplicableFrom</COMPUTE>
						<COMPUTE>EInvAppl:$IsGSTeInvApplicable</COMPUTE>
						<COMPUTE>EInvApplFrom:$GSTeInvApplicableDate</COMPUTE>
						<COMPUTE> GSTeInvBillFromPlace: $GSTeInvBillFromPlace </COMPUTE>
						<COMPUTE> GSTeInvReportPeriod:$GSTeInvReportPeriod </COMPUTE>
						<COMPUTE> IsGSTeInvInclEWayBill:$IsGSTeInvInclEWayBill </COMPUTE>
					</COLLECTION>
				</TDLMESSAGE>
			</TDL>
		</DESC>
	</BODY>
</ENVELOPE>
<ENVELOPE>
	<HEADER>
		<VERSION>1</VERSION>
		<TALLYREQUEST>Export</TALLYREQUEST>
		<TYPE>Function</TYPE>
		<ID>$$LicenseInfo</ID>
	</HEADER>
	<BODY>
		<DESC>
			<FUNCPARAMLIST>
				<PARAM>Serial Number</PARAM>
			</FUNCPARAMLIST>
		</DESC>
	</BODY>
</ENVELOPE>
<ENVELOPE>
	<HEADER>
		<VERSION>1</VERSION>
		<TALLYREQUEST>Export</TALLYREQUEST>
		<TYPE>Function</TYPE>
		<ID>$$ProdInfo</ID>
	</HEADER>
	<BODY>
		<DESC>
			<FUNCPARAMLIST>
				<PARAM>Prod Build Number</PARAM>
			</FUNCPARAMLIST>
		</DESC>
	</BODY>
</ENVELOPE>
<ENVELOPE>
	<HEADER>
		<VERSION>1</VERSION>
		<TALLYREQUEST>Export</TALLYREQUEST>
		<TYPE>Function</TYPE>
		<ID>$$LicenseInfo</ID>
	</HEADER>
	<BODY>
		<DESC>
			<FUNCPARAMLIST>
				<PARAM>Serial Number</PARAM>
			</FUNCPARAMLIST>
		</DESC>
	</BODY>
</ENVELOPE>
<ENVELOPE>
	<HEADER>
		<VERSION>1</VERSION>
		<TALLYREQUEST>Export</TALLYREQUEST>
		<TYPE>Function</TYPE>
		<ID>$$LicenseInfo</ID>
	</HEADER>
	<BODY>
		<DESC>
			<FUNCPARAMLIST>
				<PARAM>Serial Number</PARAM>
			</FUNCPARAMLIST>
		</DESC>
	</BODY>
</ENVELOPE>
<ENVELOPE>
	<HEADER>
		<VERSION>1</VERSION>
		<TALLYREQUEST>Export</TALLYREQUEST>
		<TYPE>Function</TYPE>
		<ID>$$LicenseInfo</ID>
	</HEADER>
	<BODY>
		<DESC>
			<FUNCPARAMLIST>
				<PARAM>Serial Number</PARAM>
			</FUNCPARAMLIST>
		</DESC>
	</BODY>
</ENVELOPE>
<ENVELOPE>
	<HEADER>
		<VERSION>1</VERSION>
		<TALLYREQUEST>Export</TALLYREQUEST>
		<TYPE>Collection</TYPE>
		<ID>Collection of Ledgers</ID>
	</HEADER>
	<BODY>
		<DESC>
			<STATICVARIABLES>
				<SVFROMDATE TYPE="Date">01-Jan-1970</SVFROMDATE>
				<SVTODATE TYPE="Date">01-Jan-1970</SVTODATE>
				<SVEXPORTFORMAT>$$SysName:XML</SVEXPORTFORMAT>
			</STATICVARIABLES>
			<TDL>
				<TDLMESSAGE>
					<COLLECTION NAME="Collection of Ledgers" ISMODIFY="No">
						<TYPE>Company</TYPE>
						<FETCH>GUID,ALTERID,MASTERID,GUID,NAME</FETCH>
						<FILTERS>CompanyNameFilter,GroupFilter</FILTERS>
					</COLLECTION>
					<SYSTEM TYPE="FORMULAE" NAME="CompanyNameFilter">$name =  "GST Dummy Co Pvt Ltd" </SYSTEM>
					<SYSTEM TYPE="FORMULAE" NAME="GroupFilter">$isaggregate =  "No" </SYSTEM>
				</TDLMESSAGE>
			</TDL>
		</DESC>
	</BODY>
</ENVELOPE>
<ENVELOPE>
	<HEADER>
		<VERSION>1</VERSION>
		<TALLYREQUEST>Export</TALLYREQUEST>
		<TYPE>Collection</TYPE>
		<ID>Collection of Ledgers</ID>
	</HEADER>
	<BODY>
		<DESC>
			<STATICVARIABLES>
				<SVCURRENTCOMPANY>GST Dummy Co Pvt Ltd</SVCURRENTCOMPANY>
				<SVFROMDATE TYPE="Date">01-Apr-2017</SVFROMDATE>
				<SVTODATE TYPE="Date">19-Apr-2023</SVTODATE>
				<SVEXPORTFORMAT>$$SysName:XML</SVEXPORTFORMAT>
			</STATICVARIABLES>
			<TDL>
				<TDLMESSAGE>
					<COLLECTION NAME="Collection of Ledgers" ISMODIFY="No">
						<TYPE>Voucher</TYPE>
						<FETCH>GUID,ALTERID,MASTERID,ISOPTIONAL,ISDELETED,ISCANCELLED,DATE,REFERENCEDATE,VOUCHERTYPENAME,VOUCHERNUMBER,REFERENCE,NARRATION,PARTYNAME,PARTYLEDGERNAME,ENTEREDBY,EFFECTIVEDATE,COSTCENTRENAME,AUTOCOSTLEVEL,PARTYGSTIN,BILLOFLADINGNO,BILLOFLADINGDATE,BASICSHIPVESSELNO,PLACEOFSUPPLY,BASICSHIPPEDBY,BASICSHIPDOCUMENTNO,BASICFINALDESTINATION,BASICORDERTERMS.LIST,BASICDUEDATEOFPYMT,BASICORDERREF,ISPOSTDATED,HASCASHFLOW,ISINVOICE,ISCOSTCENTRE,HASDISCOUNTS,ISVOID,ISONHOLD,ISDEEMEDPOSITIVE,ALLLEDGERENTRIES.LIST,LEDGERENTRIES.LIST,ALLINVENTORYENTRIES.LIST,INVENTORYENTRIES.LIST,BASICBUYERADDRESS.LIST,BASICBUYERNAME,CONSIGNEECSTNUMBER,CONSIGNEEGSTIN,CONSIGNEEPINCODE,ADDRESS.LIST,BUYERSCSTNUMBER,BASICBUYERSSALESTAXNO,TRADERCONSVATTINNO.LIST,PARTYPINCODE,VOUCHERDESTINATIONGODOWN,VOUCHERSOURCEGODOWN,INVOICEDELNOTES.LIST,CATEGORYENTRY.LIST,CATEGORYALLOCATIONS.LIST,INVENTORYENTRIESIN.LIST,INVENTORYENTRIESOUT.LIST,INVOICEORDERLIST.LIST,EWAYBILLDETAILS.LIST,IRN,IRNACKNO,IRNACKDATE,IRNQRCODE,IRNCANCELLED</FETCH>
						<FILTERS>AlterId</FILTERS>
					</COLLECTION>
					<SYSTEM TYPE="FORMULAE" NAME="AlterId">$alterid &gt; 79 AND $alterid &lt;= 84</SYSTEM>
				</TDLMESSAGE>
			</TDL>
		</DESC>
	</BODY>
</ENVELOPE>
<ENVELOPE>
	<HEADER>
		<VERSION>1</VERSION>
		<TALLYREQUEST>Export</TALLYREQUEST>
		<TYPE>Function</TYPE>
		<ID>$$LicenseInfo</ID>
	</HEADER>
	<BODY>
		<DESC>
			<FUNCPARAMLIST>
				<PARAM>Serial Number</PARAM>
			</FUNCPARAMLIST>
		</DESC>
	</BODY>
</ENVELOPE>
<ENVELOPE>
	<HEADER>
		<VERSION>1</VERSION>
		<TALLYREQUEST>Export</TALLYREQUEST>
		<TYPE>Function</TYPE>
		<ID>$$LicenseInfo</ID>
	</HEADER>
	<BODY>
		<DESC>
			<FUNCPARAMLIST>
				<PARAM>Serial Number</PARAM>
			</FUNCPARAMLIST>
		</DESC>
	</BODY>
</ENVELOPE>
<ENVELOPE>
	<HEADER>
		<VERSION>1</VERSION>
		<TALLYREQUEST>Export</TALLYREQUEST>
		<TYPE>Function</TYPE>
		<ID>$$LicenseInfo</ID>
	</HEADER>
	<BODY>
		<DESC>
			<FUNCPARAMLIST>
				<PARAM>Serial Number</PARAM>
			</FUNCPARAMLIST>
		</DESC>
	</BODY>
</ENVELOPE>
<ENVELOPE>
	<HEADER>
		<VERSION>1</VERSION>
		<TALLYREQUEST>Export</TALLYREQUEST>
		<TYPE>Collection</TYPE>
		<ID>Collection of Ledgers</ID>
	</HEADER>
	<BODY>
		<DESC>
			<STATICVARIABLES>
				<SVFROMDATE TYPE="Date">01-Jan-1970</SVFROMDATE>
				<SVTODATE TYPE="Date">01-Jan-1970</SVTODATE>
				<SVEXPORTFORMAT>$$SysName:XML</SVEXPORTFORMAT>
			</STATICVARIABLES>
			<TDL>
				<TDLMESSAGE>
					<COLLECTION NAME="Collection of Ledgers" ISMODIFY="No">
						<TYPE>Company</TYPE>
						<FETCH>GUID,ALTERID,MASTERID,GUID,NAME</FETCH>
						<FILTERS>CompanyNameFilter,GroupFilter</FILTERS>
					</COLLECTION>
					<SYSTEM TYPE="FORMULAE" NAME="CompanyNameFilter">$name =  "GST Dummy Co Pvt Ltd" </SYSTEM>
					<SYSTEM TYPE="FORMULAE" NAME="GroupFilter">$isaggregate =  "No" </SYSTEM>
				</TDLMESSAGE>
			</TDL>
		</DESC>
	</BODY>
</ENVELOPE>
<ENVELOPE>
	<HEADER>
		<VERSION>1</VERSION>
		<TALLYREQUEST>Export</TALLYREQUEST>
		<TYPE>Collection</TYPE>
		<ID>Collection of Ledgers</ID>
	</HEADER>
	<BODY>
		<DESC>
			<STATICVARIABLES>
				<SVCURRENTCOMPANY>GST Dummy Co Pvt Ltd</SVCURRENTCOMPANY>
				<SVFROMDATE TYPE="Date">01-Apr-2017</SVFROMDATE>
				<SVTODATE TYPE="Date">19-Apr-2023</SVTODATE>
				<SVEXPORTFORMAT>$$SysName:XML</SVEXPORTFORMAT>
			</STATICVARIABLES>
			<TDL>
				<TDLMESSAGE>
					<COLLECTION NAME="Collection of Ledgers" ISMODIFY="No">
						<TYPE>StockItem</TYPE>
						<FETCH>GUID,ALTERID,MASTERID,CLOSINGBALANCE,CLOSINGVALUE</FETCH>
						<FILTERS>MasterId</FILTERS>
					</COLLECTION>
					<SYSTEM TYPE="FORMULAE" NAME="MasterId">$masterId = 197 OR $masterId = 185</SYSTEM>
				</TDLMESSAGE>
			</TDL>
		</DESC>
	</BODY>
</ENVELOPE>
<ENVELOPE>
	<HEADER>
		<VERSION>1</VERSION>
		<TALLYREQUEST>Export</TALLYREQUEST>
		<TYPE>Function</TYPE>
		<ID>$$LicenseInfo</ID>
	</HEADER>
	<BODY>
		<DESC>
			<FUNCPARAMLIST>
				<PARAM>Serial Number</PARAM>
			</FUNCPARAMLIST>
		</DESC>
	</BODY>
</ENVELOPE>
<ENVELOPE>
	<HEADER>
		<VERSION>1</VERSION>
		<TALLYREQUEST>Export</TALLYREQUEST>
		<TYPE>Function</TYPE>
		<ID>$$LicenseInfo</ID>
	</HEADER>
	<BODY>
		<DESC>
			<FUNCPARAMLIST>
				<PARAM>Serial Number</PARAM>
			</FUNCPARAMLIST>
		</DESC>
	</BODY>
</ENVELOPE>
<ENVELOPE>
	<HEADER>
		<VERSION>1</VERSION>
		<TALLYREQUEST>Export</TALLYREQUEST>
		<TYPE>Function</TYPE>
		<ID>$$LicenseInfo</ID>
	</HEADER>
	<BODY>
		<DESC>
			<FUNCPARAMLIST>
				<PARAM>Serial Number</PARAM>
			</FUNCPARAMLIST>
		</DESC>
	</BODY>
</ENVELOPE>
<ENVELOPE>
	<HEADER>
		<VERSION>1</VERSION>
		<TALLYREQUEST>Export</TALLYREQUEST>
		<TYPE>Function</TYPE>
		<ID>$$LicenseInfo</ID>
	</HEADER>
	<BODY>
		<DESC>
			<FUNCPARAMLIST>
				<PARAM>Serial Number</PARAM>
			</FUNCPARAMLIST>
		</DESC>
	</BODY>
</ENVELOPE>
<ENVELOPE>
	<HEADER>
		<VERSION>1</VERSION>
		<TALLYREQUEST>Export</TALLYREQUEST>
		<TYPE>Function</TYPE>
		<ID>$$LicenseInfo</ID>
	</HEADER>
	<BODY>
		<DESC>
			<FUNCPARAMLIST>
				<PARAM>Serial Number</PARAM>
			</FUNCPARAMLIST>
		</DESC>
	</BODY>
</ENVELOPE>
<ENVELOPE>
	<HEADER>
		<VERSION>1</VERSION>
		<TALLYREQUEST>Export</TALLYREQUEST>
		<TYPE>Function</TYPE>
		<ID>$$LicenseInfo</ID>
	</HEADER>
	<BODY>
		<DESC>
			<FUNCPARAMLIST>
				<PARAM>Serial Number</PARAM>
			</FUNCPARAMLIST>
		</DESC>
	</BODY>
</ENVELOPE>
<ENVELOPE>
	<HEADER>
		<VERSION>1</VERSION>
		<TALLYREQUEST>Export</TALLYREQUEST>
		<TYPE>Function</TYPE>
		<ID>$$LicenseInfo</ID>
	</HEADER>
	<BODY>
		<DESC>
			<FUNCPARAMLIST>
				<PARAM>Serial Number</PARAM>
			</FUNCPARAMLIST>
		</DESC>
	</BODY>
</ENVELOPE>
<ENVELOPE>
	<HEADER>
		<VERSION>1</VERSION>
		<TALLYREQUEST>Export</TALLYREQUEST>
		<TYPE>Collection</TYPE>
		<ID>Collection of Ledgers</ID>
	</HEADER>
	<BODY>
		<DESC>
			<STATICVARIABLES>
				<SVFROMDATE TYPE="Date">01-Jan-1970</SVFROMDATE>
				<SVTODATE TYPE="Date">01-Jan-1970</SVTODATE>
				<SVEXPORTFORMAT>$$SysName:XML</SVEXPORTFORMAT>
			</STATICVARIABLES>
			<TDL>
				<TDLMESSAGE>
					<COLLECTION NAME="Collection of Ledgers" ISMODIFY="No">
						<TYPE>Company</TYPE>
						<FETCH>GUID,ALTERID,MASTERID,GUID,NAME,STATE,STARTINGFROM,BOOKSFROM,ENDINGAT,LASTVOUCHERDATE,CMPVCHID,ALTVCHID,ALTMSTID,ISAGGREGATE,BASICCOMPANYFORMALNAME,COMPANYCHEQUENAME,COMPANYCONTACTPERSON,COMPANYCONTACTNUMBER,EMAIL,WEBSITE,PHONENUMBER,CMPMOBNO,MOBILENO,_ADDRESS1,_ADDRESS2,_ADDRESS3,_ADDRESS4,_ADDRESS5,STATENAME,PINCODE,COUNTRYNAME,VATTINNUMBER,CORPORATEIDENTITYNO,UDF:CORPORATEIDENTITYNO,INTERSTATESTNUMBER,TANUMBER,STREGNUMBER,CMPPFCODE,INCOMETAXNUMBER,GSTREGISTRATIONTYPE,GSTAPPLICABLEDATE,ISGSTCESSON,GSTDETAILS.LIST,DESTINATION</FETCH>
						<FILTERS>GroupFilter</FILTERS>
					</COLLECTION>
					<SYSTEM TYPE="FORMULAE" NAME="GroupFilter">$isaggregate =  "No" </SYSTEM>
				</TDLMESSAGE>
			</TDL>
		</DESC>
	</BODY>
</ENVELOPE>
<ENVELOPE>
	<HEADER>
		<VERSION>1</VERSION>
		<TALLYREQUEST>Export</TALLYREQUEST>
		<TYPE>Function</TYPE>
		<ID>$$LicenseInfo</ID>
	</HEADER>
	<BODY>
		<DESC>
			<FUNCPARAMLIST>
				<PARAM>Serial Number</PARAM>
			</FUNCPARAMLIST>
		</DESC>
	</BODY>
</ENVELOPE>
<ENVELOPE>
	<HEADER>
		<VERSION>1</VERSION>
		<TALLYREQUEST>Export</TALLYREQUEST>
		<TYPE>Function</TYPE>
		<ID>$$ProdInfo</ID>
	</HEADER>
	<BODY>
		<DESC>
			<FUNCPARAMLIST>
				<PARAM>Prod Build Number</PARAM>
			</FUNCPARAMLIST>
		</DESC>
	</BODY>
</ENVELOPE>
<ENVELOPE>
	<HEADER>
		<VERSION>1</VERSION>
		<TALLYREQUEST>Export</TALLYREQUEST>
		<TYPE>Function</TYPE>
		<ID>$$LicenseInfo</ID>
	</HEADER>
	<BODY>
		<DESC>
			<FUNCPARAMLIST>
				<PARAM>Serial Number</PARAM>
			</FUNCPARAMLIST>
		</DESC>
	</BODY>
</ENVELOPE>
<ENVELOPE>
	<HEADER>
		<VERSION>1</VERSION>
		<TALLYREQUEST>EXPORT</TALLYREQUEST>
		<TYPE>Collection</TYPE>
		<ID>TestTestGstDetSum</ID>
	</HEADER>
	<BODY>
		<DESC>
			<STATICVARIABLES>
				<SVEXPORTFORMAT>$$SysName:XML</SVEXPORTFORMAT>
				<SVCURRENTCOMPANY>GST Dummy Co Pvt Ltd</SVCURRENTCOMPANY>
			</STATICVARIABLES>
			<TDL>
				<TDLMESSAGE>
					<COLLECTION NAME="TestTestGstDetSum" ISMODIFY="No">
						<TYPE>TaxUnit</TYPE>
						<WALK>GSTDetails</WALK>
						<COMPUTE>AppFrom:$ApplicableFrom</COMPUTE>
						<COMPUTE>EInvAppl:$IsGSTeInvApplicable</COMPUTE>
						<COMPUTE>EInvApplFrom:$GSTeInvApplicableDate</COMPUTE>
						<COMPUTE> GSTeInvBillFromPlace: $GSTeInvBillFromPlace </COMPUTE>
						<COMPUTE> GSTeInvReportPeriod:$GSTeInvReportPeriod </COMPUTE>
						<COMPUTE> IsGSTeInvInclEWayBill:$IsGSTeInvInclEWayBill </COMPUTE>
					</COLLECTION>
				</TDLMESSAGE>
			</TDL>
		</DESC>
	</BODY>
</ENVELOPE>
<ENVELOPE>
	<HEADER>
		<VERSION>1</VERSION>
		<TALLYREQUEST>Export</TALLYREQUEST>
		<TYPE>Function</TYPE>
		<ID>$$LicenseInfo</ID>
	</HEADER>
	<BODY>
		<DESC>
			<FUNCPARAMLIST>
				<PARAM>Serial Number</PARAM>
			</FUNCPARAMLIST>
		</DESC>
	</BODY>
</ENVELOPE>
<ENVELOPE>
	<HEADER>
		<VERSION>1</VERSION>
		<TALLYREQUEST>Export</TALLYREQUEST>
		<TYPE>Function</TYPE>
		<ID>$$ProdInfo</ID>
	</HEADER>
	<BODY>
		<DESC>
			<FUNCPARAMLIST>
				<PARAM>Prod Build Number</PARAM>
			</FUNCPARAMLIST>
		</DESC>
	</BODY>
</ENVELOPE>
<ENVELOPE>
	<HEADER>
		<VERSION>1</VERSION>
		<TALLYREQUEST>Export</TALLYREQUEST>
		<TYPE>Function</TYPE>
		<ID>$$LicenseInfo</ID>
	</HEADER>
	<BODY>
		<DESC>
			<FUNCPARAMLIST>
				<PARAM>Serial Number</PARAM>
			</FUNCPARAMLIST>
		</DESC>
	</BODY>
</ENVELOPE>
<ENVELOPE>
	<HEADER>
		<VERSION>1</VERSION>
		<TALLYREQUEST>Export</TALLYREQUEST>
		<TYPE>Function</TYPE>
		<ID>$$LicenseInfo</ID>
	</HEADER>
	<BODY>
		<DESC>
			<FUNCPARAMLIST>
				<PARAM>Serial Number</PARAM>
			</FUNCPARAMLIST>
		</DESC>
	</BODY>
</ENVELOPE>
<ENVELOPE>
	<HEADER>
		<VERSION>1</VERSION>
		<TALLYREQUEST>Export</TALLYREQUEST>
		<TYPE>Function</TYPE>
		<ID>$$LicenseInfo</ID>
	</HEADER>
	<BODY>
		<DESC>
			<FUNCPARAMLIST>
				<PARAM>Serial Number</PARAM>
			</FUNCPARAMLIST>
		</DESC>
	</BODY>
</ENVELOPE>
<ENVELOPE>
	<HEADER>
		<VERSION>1</VERSION>
		<TALLYREQUEST>Export</TALLYREQUEST>
		<TYPE>Function</TYPE>
		<ID>$$LicenseInfo</ID>
	</HEADER>
	<BODY>
		<DESC>
			<FUNCPARAMLIST>
				<PARAM>Serial Number</PARAM>
			</FUNCPARAMLIST>
		</DESC>
	</BODY>
</ENVELOPE>
<ENVELOPE>
	<HEADER>
		<VERSION>1</VERSION>
		<TALLYREQUEST>Export</TALLYREQUEST>
		<TYPE>Function</TYPE>
		<ID>$$LicenseInfo</ID>
	</HEADER>
	<BODY>
		<DESC>
			<FUNCPARAMLIST>
				<PARAM>Serial Number</PARAM>
			</FUNCPARAMLIST>
		</DESC>
	</BODY>
</ENVELOPE>
<ENVELOPE>
	<HEADER>
		<VERSION>1</VERSION>
		<TALLYREQUEST>Export</TALLYREQUEST>
		<TYPE>Function</TYPE>
		<ID>$$LicenseInfo</ID>
	</HEADER>
	<BODY>
		<DESC>
			<FUNCPARAMLIST>
				<PARAM>Serial Number</PARAM>
			</FUNCPARAMLIST>
		</DESC>
	</BODY>
</ENVELOPE>
<ENVELOPE>
	<HEADER>
		<VERSION>1</VERSION>
		<TALLYREQUEST>Export</TALLYREQUEST>
		<TYPE>Function</TYPE>
		<ID>$$LicenseInfo</ID>
	</HEADER>
	<BODY>
		<DESC>
			<FUNCPARAMLIST>
				<PARAM>Serial Number</PARAM>
			</FUNCPARAMLIST>
		</DESC>
	</BODY>
</ENVELOPE>
<ENVELOPE>
	<HEADER>
		<VERSION>1</VERSION>
		<TALLYREQUEST>Export</TALLYREQUEST>
		<TYPE>Collection</TYPE>
		<ID>Collection of Ledgers</ID>
	</HEADER>
	<BODY>
		<DESC>
			<STATICVARIABLES>
				<SVFROMDATE TYPE="Date">01-Jan-1970</SVFROMDATE>
				<SVTODATE TYPE="Date">01-Jan-1970</SVTODATE>
				<SVEXPORTFORMAT>$$SysName:XML</SVEXPORTFORMAT>
			</STATICVARIABLES>
			<TDL>
				<TDLMESSAGE>
					<COLLECTION NAME="Collection of Ledgers" ISMODIFY="No">
						<TYPE>Company</TYPE>
						<FETCH>GUID,ALTERID,MASTERID,GUID,NAME,STATE,STARTINGFROM,BOOKSFROM,ENDINGAT,LASTVOUCHERDATE,CMPVCHID,ALTVCHID,ALTMSTID,ISAGGREGATE,BASICCOMPANYFORMALNAME,COMPANYCHEQUENAME,COMPANYCONTACTPERSON,COMPANYCONTACTNUMBER,EMAIL,WEBSITE,PHONENUMBER,CMPMOBNO,MOBILENO,_ADDRESS1,_ADDRESS2,_ADDRESS3,_ADDRESS4,_ADDRESS5,STATENAME,PINCODE,COUNTRYNAME,VATTINNUMBER,CORPORATEIDENTITYNO,UDF:CORPORATEIDENTITYNO,INTERSTATESTNUMBER,TANUMBER,STREGNUMBER,CMPPFCODE,INCOMETAXNUMBER,GSTREGISTRATIONTYPE,GSTAPPLICABLEDATE,ISGSTCESSON,GSTDETAILS.LIST,DESTINATION</FETCH>
						<FILTERS>GroupFilter</FILTERS>
					</COLLECTION>
					<SYSTEM TYPE="FORMULAE" NAME="GroupFilter">$isaggregate =  "No" </SYSTEM>
				</TDLMESSAGE>
			</TDL>
		</DESC>
	</BODY>
</ENVELOPE>
<ENVELOPE>
	<HEADER>
		<VERSION>1</VERSION>
		<TALLYREQUEST>Export</TALLYREQUEST>
		<TYPE>Function</TYPE>
		<ID>$$LicenseInfo</ID>
	</HEADER>
	<BODY>
		<DESC>
			<FUNCPARAMLIST>
				<PARAM>Serial Number</PARAM>
			</FUNCPARAMLIST>
		</DESC>
	</BODY>
</ENVELOPE>
<ENVELOPE>
	<HEADER>
		<VERSION>1</VERSION>
		<TALLYREQUEST>Export</TALLYREQUEST>
		<TYPE>Function</TYPE>
		<ID>$$ProdInfo</ID>
	</HEADER>
	<BODY>
		<DESC>
			<FUNCPARAMLIST>
				<PARAM>Prod Build Number</PARAM>
			</FUNCPARAMLIST>
		</DESC>
	</BODY>
</ENVELOPE>
<ENVELOPE>
	<HEADER>
		<VERSION>1</VERSION>
		<TALLYREQUEST>Export</TALLYREQUEST>
		<TYPE>Function</TYPE>
		<ID>$$LicenseInfo</ID>
	</HEADER>
	<BODY>
		<DESC>
			<FUNCPARAMLIST>
				<PARAM>Serial Number</PARAM>
			</FUNCPARAMLIST>
		</DESC>
	</BODY>
</ENVELOPE>
<ENVELOPE>
	<HEADER>
		<VERSION>1</VERSION>
		<TALLYREQUEST>EXPORT</TALLYREQUEST>
		<TYPE>Collection</TYPE>
		<ID>TestTestGstDetSum</ID>
	</HEADER>
	<BODY>
		<DESC>
			<STATICVARIABLES>
				<SVEXPORTFORMAT>$$SysName:XML</SVEXPORTFORMAT>
				<SVCURRENTCOMPANY>GST Dummy Co Pvt Ltd</SVCURRENTCOMPANY>
			</STATICVARIABLES>
			<TDL>
				<TDLMESSAGE>
					<COLLECTION NAME="TestTestGstDetSum" ISMODIFY="No">
						<TYPE>TaxUnit</TYPE>
						<WALK>GSTDetails</WALK>
						<COMPUTE>AppFrom:$ApplicableFrom</COMPUTE>
						<COMPUTE>EInvAppl:$IsGSTeInvApplicable</COMPUTE>
						<COMPUTE>EInvApplFrom:$GSTeInvApplicableDate</COMPUTE>
						<COMPUTE> GSTeInvBillFromPlace: $GSTeInvBillFromPlace </COMPUTE>
						<COMPUTE> GSTeInvReportPeriod:$GSTeInvReportPeriod </COMPUTE>
						<COMPUTE> IsGSTeInvInclEWayBill:$IsGSTeInvInclEWayBill </COMPUTE>
					</COLLECTION>
				</TDLMESSAGE>
			</TDL>
		</DESC>
	</BODY>
</ENVELOPE>
<ENVELOPE>
	<HEADER>
		<VERSION>1</VERSION>
		<TALLYREQUEST>Export</TALLYREQUEST>
		<TYPE>Function</TYPE>
		<ID>$$LicenseInfo</ID>
	</HEADER>
	<BODY>
		<DESC>
			<FUNCPARAMLIST>
				<PARAM>Serial Number</PARAM>
			</FUNCPARAMLIST>
		</DESC>
	</BODY>
</ENVELOPE>
<ENVELOPE>
	<HEADER>
		<VERSION>1</VERSION>
		<TALLYREQUEST>Export</TALLYREQUEST>
		<TYPE>Function</TYPE>
		<ID>$$ProdInfo</ID>
	</HEADER>
	<BODY>
		<DESC>
			<FUNCPARAMLIST>
				<PARAM>Prod Build Number</PARAM>
			</FUNCPARAMLIST>
		</DESC>
	</BODY>
</ENVELOPE>
<ENVELOPE>
	<HEADER>
		<VERSION>1</VERSION>
		<TALLYREQUEST>Export</TALLYREQUEST>
		<TYPE>Function</TYPE>
		<ID>$$LicenseInfo</ID>
	</HEADER>
	<BODY>
		<DESC>
			<FUNCPARAMLIST>
				<PARAM>Serial Number</PARAM>
			</FUNCPARAMLIST>
		</DESC>
	</BODY>
</ENVELOPE>
<ENVELOPE>
	<HEADER>
		<VERSION>1</VERSION>
		<TALLYREQUEST>Export</TALLYREQUEST>
		<TYPE>Function</TYPE>
		<ID>$$LicenseInfo</ID>
	</HEADER>
	<BODY>
		<DESC>
			<FUNCPARAMLIST>
				<PARAM>Serial Number</PARAM>
			</FUNCPARAMLIST>
		</DESC>
	</BODY>
</ENVELOPE>
<ENVELOPE>
	<HEADER>
		<VERSION>1</VERSION>
		<TALLYREQUEST>Export</TALLYREQUEST>
		<TYPE>Function</TYPE>
		<ID>$$LicenseInfo</ID>
	</HEADER>
	<BODY>
		<DESC>
			<FUNCPARAMLIST>
				<PARAM>Serial Number</PARAM>
			</FUNCPARAMLIST>
		</DESC>
	</BODY>
</ENVELOPE>
<ENVELOPE>
	<HEADER>
		<VERSION>1</VERSION>
		<TALLYREQUEST>Export</TALLYREQUEST>
		<TYPE>Function</TYPE>
		<ID>$$LicenseInfo</ID>
	</HEADER>
	<BODY>
		<DESC>
			<FUNCPARAMLIST>
				<PARAM>Serial Number</PARAM>
			</FUNCPARAMLIST>
		</DESC>
	</BODY>
</ENVELOPE>
<ENVELOPE>
	<HEADER>
		<VERSION>1</VERSION>
		<TALLYREQUEST>Export</TALLYREQUEST>
		<TYPE>Function</TYPE>
		<ID>$$LicenseInfo</ID>
	</HEADER>
	<BODY>
		<DESC>
			<FUNCPARAMLIST>
				<PARAM>Serial Number</PARAM>
			</FUNCPARAMLIST>
		</DESC>
	</BODY>
</ENVELOPE>
<ENVELOPE>
	<HEADER>
		<VERSION>1</VERSION>
		<TALLYREQUEST>Export</TALLYREQUEST>
		<TYPE>Function</TYPE>
		<ID>$$LicenseInfo</ID>
	</HEADER>
	<BODY>
		<DESC>
			<FUNCPARAMLIST>
				<PARAM>Serial Number</PARAM>
			</FUNCPARAMLIST>
		</DESC>
	</BODY>
</ENVELOPE>
<ENVELOPE>
	<HEADER>
		<VERSION>1</VERSION>
		<TALLYREQUEST>Export</TALLYREQUEST>
		<TYPE>Function</TYPE>
		<ID>$$LicenseInfo</ID>
	</HEADER>
	<BODY>
		<DESC>
			<FUNCPARAMLIST>
				<PARAM>Serial Number</PARAM>
			</FUNCPARAMLIST>
		</DESC>
	</BODY>
</ENVELOPE>
<ENVELOPE>
	<HEADER>
		<VERSION>1</VERSION>
		<TALLYREQUEST>Export</TALLYREQUEST>
		<TYPE>Collection</TYPE>
		<ID>Collection of Ledgers</ID>
	</HEADER>
	<BODY>
		<DESC>
			<STATICVARIABLES>
				<SVFROMDATE TYPE="Date">01-Jan-1970</SVFROMDATE>
				<SVTODATE TYPE="Date">01-Jan-1970</SVTODATE>
				<SVEXPORTFORMAT>$$SysName:XML</SVEXPORTFORMAT>
			</STATICVARIABLES>
			<TDL>
				<TDLMESSAGE>
					<COLLECTION NAME="Collection of Ledgers" ISMODIFY="No">
						<TYPE>Company</TYPE>
						<FETCH>GUID,ALTERID,MASTERID,GUID,NAME,STATE,STARTINGFROM,BOOKSFROM,ENDINGAT,LASTVOUCHERDATE,CMPVCHID,ALTVCHID,ALTMSTID,ISAGGREGATE,BASICCOMPANYFORMALNAME,COMPANYCHEQUENAME,COMPANYCONTACTPERSON,COMPANYCONTACTNUMBER,EMAIL,WEBSITE,PHONENUMBER,CMPMOBNO,MOBILENO,_ADDRESS1,_ADDRESS2,_ADDRESS3,_ADDRESS4,_ADDRESS5,STATENAME,PINCODE,COUNTRYNAME,VATTINNUMBER,CORPORATEIDENTITYNO,UDF:CORPORATEIDENTITYNO,INTERSTATESTNUMBER,TANUMBER,STREGNUMBER,CMPPFCODE,INCOMETAXNUMBER,GSTREGISTRATIONTYPE,GSTAPPLICABLEDATE,ISGSTCESSON,GSTDETAILS.LIST,DESTINATION</FETCH>
						<FILTERS>GroupFilter</FILTERS>
					</COLLECTION>
					<SYSTEM TYPE="FORMULAE" NAME="GroupFilter">$isaggregate =  "No" </SYSTEM>
				</TDLMESSAGE>
			</TDL>
		</DESC>
	</BODY>
</ENVELOPE>
<ENVELOPE>
	<HEADER>
		<VERSION>1</VERSION>
		<TALLYREQUEST>Export</TALLYREQUEST>
		<TYPE>Function</TYPE>
		<ID>$$LicenseInfo</ID>
	</HEADER>
	<BODY>
		<DESC>
			<FUNCPARAMLIST>
				<PARAM>Serial Number</PARAM>
			</FUNCPARAMLIST>
		</DESC>
	</BODY>
</ENVELOPE>
<ENVELOPE>
	<HEADER>
		<VERSION>1</VERSION>
		<TALLYREQUEST>Export</TALLYREQUEST>
		<TYPE>Function</TYPE>
		<ID>$$ProdInfo</ID>
	</HEADER>
	<BODY>
		<DESC>
			<FUNCPARAMLIST>
				<PARAM>Prod Build Number</PARAM>
			</FUNCPARAMLIST>
		</DESC>
	</BODY>
</ENVELOPE>
<ENVELOPE>
	<HEADER>
		<VERSION>1</VERSION>
		<TALLYREQUEST>Export</TALLYREQUEST>
		<TYPE>Function</TYPE>
		<ID>$$LicenseInfo</ID>
	</HEADER>
	<BODY>
		<DESC>
			<FUNCPARAMLIST>
				<PARAM>Serial Number</PARAM>
			</FUNCPARAMLIST>
		</DESC>
	</BODY>
</ENVELOPE>
<ENVELOPE>
	<HEADER>
		<VERSION>1</VERSION>
		<TALLYREQUEST>EXPORT</TALLYREQUEST>
		<TYPE>Collection</TYPE>
		<ID>TestTestGstDetSum</ID>
	</HEADER>
	<BODY>
		<DESC>
			<STATICVARIABLES>
				<SVEXPORTFORMAT>$$SysName:XML</SVEXPORTFORMAT>
				<SVCURRENTCOMPANY>GST Dummy Co Pvt Ltd</SVCURRENTCOMPANY>
			</STATICVARIABLES>
			<TDL>
				<TDLMESSAGE>
					<COLLECTION NAME="TestTestGstDetSum" ISMODIFY="No">
						<TYPE>TaxUnit</TYPE>
						<WALK>GSTDetails</WALK>
						<COMPUTE>AppFrom:$ApplicableFrom</COMPUTE>
						<COMPUTE>EInvAppl:$IsGSTeInvApplicable</COMPUTE>
						<COMPUTE>EInvApplFrom:$GSTeInvApplicableDate</COMPUTE>
						<COMPUTE> GSTeInvBillFromPlace: $GSTeInvBillFromPlace </COMPUTE>
						<COMPUTE> GSTeInvReportPeriod:$GSTeInvReportPeriod </COMPUTE>
						<COMPUTE> IsGSTeInvInclEWayBill:$IsGSTeInvInclEWayBill </COMPUTE>
					</COLLECTION>
				</TDLMESSAGE>
			</TDL>
		</DESC>
	</BODY>
</ENVELOPE>
<ENVELOPE>
	<HEADER>
		<VERSION>1</VERSION>
		<TALLYREQUEST>Export</TALLYREQUEST>
		<TYPE>Function</TYPE>
		<ID>$$LicenseInfo</ID>
	</HEADER>
	<BODY>
		<DESC>
			<FUNCPARAMLIST>
				<PARAM>Serial Number</PARAM>
			</FUNCPARAMLIST>
		</DESC>
	</BODY>
</ENVELOPE>
<ENVELOPE>
	<HEADER>
		<VERSION>1</VERSION>
		<TALLYREQUEST>Export</TALLYREQUEST>
		<TYPE>Function</TYPE>
		<ID>$$ProdInfo</ID>
	</HEADER>
	<BODY>
		<DESC>
			<FUNCPARAMLIST>
				<PARAM>Prod Build Number</PARAM>
			</FUNCPARAMLIST>
		</DESC>
	</BODY>
</ENVELOPE>
<ENVELOPE>
	<HEADER>
		<VERSION>1</VERSION>
		<TALLYREQUEST>Export</TALLYREQUEST>
		<TYPE>Function</TYPE>
		<ID>$$LicenseInfo</ID>
	</HEADER>
	<BODY>
		<DESC>
			<FUNCPARAMLIST>
				<PARAM>Serial Number</PARAM>
			</FUNCPARAMLIST>
		</DESC>
	</BODY>
</ENVELOPE>